
%%% contains utf-8, see: http://inspirehep.net/info/faq/general#utf8
% add \usepackage[utf8]{inputenc} to your latex preamble
@article{Aghanim:2018eyx,
      author         = "Aghanim, N. and others",
      title          = "{Planck 2018 results. VI. Cosmological parameters}",
      collaboration  = "Planck",
      year           = "2018",
      eprint         = "1807.06209",
      archivePrefix  = "arXiv",
      primaryClass   = "astro-ph.CO",
      SLACcitation   = "%%CITATION = ARXIV:1807.06209;%%"
}

%%% contains utf-8, see: http://inspirehep.net/info/faq/general#utf8
%%% add \usepackage[utf8]{inputenc} to your latex preamble

%%% contains utf-8, see: http://inspirehep.net/info/faq/general#utf8
%%% add \usepackage[utf8]{inputenc} to your latex preamble

%%% contains utf-8, see: http://inspirehep.net/info/faq/general#utf8
%%% add \usepackage[utf8]{inputenc} to your latex preamble
@article{Calle:2018ovc,
      author         = "Calle, Julian and Restrepo, Diego and Yaguna, Carlos E.
                        and Zapata, Ã“scar",
      title          = "{Minimal radiative Dirac neutrino mass models}",
      journal        = "Phys. Rev.",
      volume         = "D99",
      year           = "2019",
      number         = "7",
      pages          = "075008",
      doi            = "10.1103/PhysRevD.99.075008",
      eprint         = "1812.05523",
      archivePrefix  = "arXiv",
      primaryClass   = "hep-ph",
      SLACcitation   = "%%CITATION = ARXIV:1812.05523;%%"
}
@article{Restrepo:2013aga,
      author         = "Restrepo, Diego and Zapata, Oscar and Yaguna, Carlos E.",
      title          = "{Models with radiative neutrino masses and viable dark
                        matter candidates}",
      journal        = "JHEP",
      volume         = "11",
      year           = "2013",
      pages          = "011",
      doi            = "10.1007/JHEP11(2013)011",
      eprint         = "1308.3655",
      archivePrefix  = "arXiv",
      primaryClass   = "hep-ph",
      SLACcitation   = "%%CITATION = ARXIV:1308.3655;%%"
}

@article{Zavala:2012us,
      author         = "Zavala, Jesus and Vogelsberger, Mark and Walker, Matthew
                        G.",
      title          = "{Constraining Self-Interacting Dark Matter with the Milky
                        Way's dwarf spheroidals}",
      journal        = "Mon. Not. Roy. Astron. Soc.",
      volume         = "431",
      year           = "2013",
      pages          = "L20-L24",
      doi            = "10.1093/mnrasl/sls053",
      eprint         = "1211.6426",
      archivePrefix  = "arXiv",
      primaryClass   = "astro-ph.CO",
      SLACcitation   = "%%CITATION = ARXIV:1211.6426;%%"
}
@article{Peter:2012jh,
      author         = "Peter, Annika H. G. and Rocha, Miguel and Bullock, James
                        S. and Kaplinghat, Manoj",
      title          = "{Cosmological Simulations with Self-Interacting Dark
                        Matter II: Halo Shapes vs. Observations}",
      journal        = "Mon. Not. Roy. Astron. Soc.",
      volume         = "430",
      year           = "2013",
      pages          = "105",
      doi            = "10.1093/mnras/sts535",
      eprint         = "1208.3026",
      archivePrefix  = "arXiv",
      primaryClass   = "astro-ph.CO",
      reportNumber   = "NSF-KITP-12-147",
      SLACcitation   = "%%CITATION = ARXIV:1208.3026;%%"
}
@article{Rocha:2012jg,
      author         = "Rocha, Miguel and Peter, Annika H. G. and Bullock, James
                        S. and Kaplinghat, Manoj and Garrison-Kimmel, Shea and
                        Onorbe, Jose and Moustakas, Leonidas A.",
      title          = "{Cosmological Simulations with Self-Interacting Dark
                        Matter I: Constant Density Cores and Substructure}",
      journal        = "Mon. Not. Roy. Astron. Soc.",
      volume         = "430",
      year           = "2013",
      pages          = "81-104",
      doi            = "10.1093/mnras/sts514",
      eprint         = "1208.3025",
      archivePrefix  = "arXiv",
      primaryClass   = "astro-ph.CO",
      SLACcitation   = "%%CITATION = ARXIV:1208.3025;%%"
}
@article{Vogelsberger:2012ku,
      author         = "Vogelsberger, Mark and Zavala, Jesus and Loeb, Abraham",
      title          = "{Subhaloes in Self-Interacting Galactic Dark Matter
                        Haloes}",
      journal        = "Mon. Not. Roy. Astron. Soc.",
      volume         = "423",
      year           = "2012",
      pages          = "3740",
      doi            = "10.1111/j.1365-2966.2012.21182.x",
      eprint         = "1201.5892",
      archivePrefix  = "arXiv",
      primaryClass   = "astro-ph.CO",
      SLACcitation   = "%%CITATION = ARXIV:1201.5892;%%"
}
@inproceedings{Wandelt:2000ad,
      author         = "Wandelt, Benjamin D. and Dave, Romeel and Farrar, Glennys
                        R. and McGuire, Patrick C. and Spergel, David N. and
                        Steinhardt, Paul J.",
      title          = "{Selfinteracting dark matter}",
      booktitle      = "{Sources and detection of dark matter and dark energy in
                        the universe. Proceedings, 4th International Symposium, DM
                        2000, Marina del Rey, USA, February 23-25, 2000}",
      url            = "http://www.slac.stanford.edu/spires/find/books/www?cl=QB461:I57:2000",
      year           = "2000",
      pages          = "263-274",
      eprint         = "astro-ph/0006344",
      archivePrefix  = "arXiv",
      primaryClass   = "astro-ph",
      SLACcitation   = "%%CITATION = ASTRO-PH/0006344;%%"
}
@article{Spergel:1999mh,
      author         = "Spergel, David N. and Steinhardt, Paul J.",
      title          = "{Observational evidence for selfinteracting cold dark
                        matter}",
      journal        = "Phys. Rev. Lett.",
      volume         = "84",
      year           = "2000",
      pages          = "3760-3763",
      doi            = "10.1103/PhysRevLett.84.3760",
      eprint         = "astro-ph/9909386",
      archivePrefix  = "arXiv",
      primaryClass   = "astro-ph",
      SLACcitation   = "%%CITATION = ASTRO-PH/9909386;%%"
}

%%% contains utf-8, see: http://inspirehep.net/info/faq/general#utf8
%%% add \usepackage[utf8]{inputenc} to your latex preamble
@article{Hui:2001wy,
      author         = "Hui, Lam",
      title          = "{Unitarity bounds and the cuspy halo problem}",
      journal        = "Phys. Rev. Lett.",
      volume         = "86",
      year           = "2001",
      pages          = "3467-3470",
      doi            = "10.1103/PhysRevLett.86.3467",
      eprint         = "astro-ph/0102349",
      archivePrefix  = "arXiv",
      primaryClass   = "astro-ph",
      SLACcitation   = "%%CITATION = ASTRO-PH/0102349;%%"
}

@article{Griest:1989wd,
      author         = "Griest, Kim and Kamionkowski, Marc",
      title          = "{Unitarity Limits on the Mass and Radius of Dark Matter
                        Particles}",
      journal        = "Phys. Rev. Lett.",
      volume         = "64",
      year           = "1990",
      pages          = "615",
      doi            = "10.1103/PhysRevLett.64.615",
      reportNumber   = "CFPA-TH-89-013, FERMILAB-PUB-89-205-A",
      SLACcitation   = "%%CITATION = PRLTA,64,615;%%"
}
@article{Tulin:2017ara,
      author         = "Tulin, Sean and Yu, Hai-Bo",
      title          = "{Dark Matter Self-interactions and Small Scale
                        Structure}",
      journal        = "Phys. Rept.",
      volume         = "730",
      year           = "2018",
      pages          = "1-57",
      doi            = "10.1016/j.physrep.2017.11.004",
      eprint         = "1705.02358",
      archivePrefix  = "arXiv",
      primaryClass   = "hep-ph",
      SLACcitation   = "%%CITATION = ARXIV:1705.02358;%%"
}
@article{Kamada:2016euw,
      author         = "Kamada, Ayuki and Kaplinghat, Manoj and Pace, Andrew B.
                        and Yu, Hai-Bo",
      title          = "{How the Self-Interacting Dark Matter Model Explains the
                        Diverse Galactic Rotation Curves}",
      journal        = "Phys. Rev. Lett.",
      volume         = "119",
      year           = "2017",
      number         = "11",
      pages          = "111102",
      doi            = "10.1103/PhysRevLett.119.111102",
      eprint         = "1611.02716",
      archivePrefix  = "arXiv",
      primaryClass   = "astro-ph.GA",
      SLACcitation   = "%%CITATION = ARXIV:1611.02716;%%"
}
@article{Bringmann:2016din,
      author         = "Bringmann, Torsten and Kahlhoefer, Felix and
                        Schmidt-Hoberg, Kai and Walia, Parampreet",
      title          = "{Strong constraints on self-interacting dark matter with
                        light mediators}",
      journal        = "Phys. Rev. Lett.",
      volume         = "118",
      year           = "2017",
      number         = "14",
      pages          = "141802",
      doi            = "10.1103/PhysRevLett.118.141802",
      eprint         = "1612.00845",
      archivePrefix  = "arXiv",
      primaryClass   = "hep-ph",
      reportNumber   = "DESY-16-226",
      SLACcitation   = "%%CITATION = ARXIV:1612.00845;%%"
}
@article{Aprile:2018dbl,
      author         = "Aprile, E. and others",
      title          = "{Dark Matter Search Results from a One Ton-Year Exposure
                        of XENON1T}",
      collaboration  = "XENON",
      journal        = "Phys. Rev. Lett.",
      volume         = "121",
      year           = "2018",
      number         = "11",
      pages          = "111302",
      doi            = "10.1103/PhysRevLett.121.111302",
      eprint         = "1805.12562",
      archivePrefix  = "arXiv",
      primaryClass   = "astro-ph.CO",
      SLACcitation   = "%%CITATION = ARXIV:1805.12562;%%"
}
@article{Mount:2017qzi,
      author         = "Mount, B. J. and others",
      title          = "{LUX-ZEPLIN (LZ) Technical Design Report}",
      year           = "2017",
      eprint         = "1703.09144",
      archivePrefix  = "arXiv",
      primaryClass   = "physics.ins-det",
      reportNumber   = "LBNL-1007256, FERMILAB-TM-2653-AE-E-PPD",
      SLACcitation   = "%%CITATION = ARXIV:1703.09144;%%"
}
@article{Akerib:2016vxi,
      author         = "Akerib, D. S. and others",
      title          = "{Results from a search for dark matter in the complete
                        LUX exposure}",
      collaboration  = "LUX",
      journal        = "Phys. Rev. Lett.",
      volume         = "118",
      year           = "2017",
      number         = "2",
      pages          = "021303",
      doi            = "10.1103/PhysRevLett.118.021303",
      eprint         = "1608.07648",
      archivePrefix  = "arXiv",
      primaryClass   = "astro-ph.CO",
      SLACcitation   = "%%CITATION = ARXIV:1608.07648;%%"
}
@article{Tan:2016zwf,
      author         = "Tan, Andi and others",
      title          = "{Dark Matter Results from First 98.7 Days of Data from
                        the PandaX-II Experiment}",
      collaboration  = "PandaX-II",
      journal        = "Phys. Rev. Lett.",
      volume         = "117",
      year           = "2016",
      number         = "12",
      pages          = "121303",
      doi            = "10.1103/PhysRevLett.117.121303",
      eprint         = "1607.07400",
      archivePrefix  = "arXiv",
      primaryClass   = "hep-ex",
      SLACcitation   = "%%CITATION = ARXIV:1607.07400;%%"
}
@article{Aalbers:2016jon,
      author         = "Aalbers, J. and others",
      title          = "{DARWIN: towards the ultimate dark matter detector}",
      collaboration  = "DARWIN",
      journal        = "JCAP",
      volume         = "1611",
      year           = "2016",
      pages          = "017",
      doi            = "10.1088/1475-7516/2016/11/017",
      eprint         = "1606.07001",
      archivePrefix  = "arXiv",
      primaryClass   = "astro-ph.IM",
      SLACcitation   = "%%CITATION = ARXIV:1606.07001;%%"
}
@article{Bernabei:2013xsa,
      author         = "Bernabei, R. and others",
      title          = "{Final model independent result of DAMA/LIBRA-phase1}",
      journal        = "Eur. Phys. J.",
      volume         = "C73",
      year           = "2013",
      pages          = "2648",
      doi            = "10.1140/epjc/s10052-013-2648-7",
      eprint         = "1308.5109",
      archivePrefix  = "arXiv",
      primaryClass   = "astro-ph.GA",
      reportNumber   = "ROM2F-2013-13",
      SLACcitation   = "%%CITATION = ARXIV:1308.5109;%%"
}
@article{Aartsen:2016zhm,
      author         = "Aartsen, M. G. and others",
      title          = "{Search for annihilating dark matter in the Sun with 3
                        years of IceCube data}",
      collaboration  = "IceCube",
      journal        = "Eur. Phys. J.",
      volume         = "C77",
      year           = "2017",
      number         = "3",
      pages          = "146",
      doi            = "10.1140/epjc/s10052-019-6702-y,
                        10.1140/epjc/s10052-017-4689-9",
      note           = "[Erratum: Eur. Phys. J.C79,no.3,214(2019)]",
      eprint         = "1612.05949",
      archivePrefix  = "arXiv",
      primaryClass   = "astro-ph.HE",
      SLACcitation   = "%%CITATION = ARXIV:1612.05949;%%"
}
@article{Albert:2016emp,
      author         = "Albert, A. and others",
      title          = "{Results from the search for dark matter in the Milky Way
                        with 9 years of data of the ANTARES neutrino telescope}",
      journal        = "Phys. Lett.",
      volume         = "B769",
      year           = "2017",
      pages          = "249-254",
      doi            = "10.1016/j.physletb.2019.05.022,
                        10.1016/j.physletb.2017.03.063",
      note           = "[Erratum: Phys. Lett.B796,253(2019)]",
      eprint         = "1612.04595",
      archivePrefix  = "arXiv",
      primaryClass   = "astro-ph.HE",
      SLACcitation   = "%%CITATION = ARXIV:1612.04595;%%"
}

%%% contains utf-8, see: http://inspirehep.net/info/faq/general#utf8
%%% add \usepackage[utf8]{inputenc} to your latex preamble

@article{Sirunyan:2016iap,
      author         = "Sirunyan, Albert M and others",
      title          = "{Search for dijet resonances in protonâ€“proton
                        collisions at $\sqrt{s}$ = 13 TeV and constraints on dark
                        matter and other models}",
      collaboration  = "CMS",
      journal        = "Phys. Lett.",
      volume         = "B769",
      year           = "2017",
      pages          = "520-542",
      doi            = "10.1016/j.physletb.2017.09.029,
                        10.1016/j.physletb.2017.02.012",
      note           = "[Erratum: Phys. Lett.B772,882(2017)]",
      eprint         = "1611.03568",
      archivePrefix  = "arXiv",
      primaryClass   = "hep-ex",
      reportNumber   = "CMS-EXO-16-032, CERN-EP-2016-277",
      SLACcitation   = "%%CITATION = ARXIV:1611.03568;%%"
}
@article{Tolley:2016lbg,
      author         = "Tolley, Emma",
      title          = "{Dark Matter searches with Mono-X signatures at the ATLAS
                        experiment}",
      booktitle      = "{Proceedings, 24th International Workshop on
                        Deep-Inelastic Scattering and Related Subjects (DIS 2016):
                        Hamburg, Germany, April 11-15, 2016}",
      collaboration  = "ATLAS",
      journal        = "PoS",
      volume         = "DIS2016",
      year           = "2016",
      pages          = "107",
      doi            = "10.22323/1.265.0107",
      reportNumber   = "ATL-PHYS-PROC-2016-090",
      SLACcitation   = "%%CITATION = POSCI,DIS2016,107;%%"
}


@inproceedings{Lefranc:2016srp,
      author         = "Lefranc, V. and Moulin, E.",
      title          = "{Dark matter search in the inner galactic center halo
                        with H.E.S.S}",
      booktitle      = "{Proceedings, 51st Rencontres de Moriond, Cosmology
                        session: La Thuile, Italy, March 19-26, 2016}",
      collaboration  = "H.E.S.S.",
      year           = "2016",
      pages          = "149-152",
      eprint         = "1608.08453",
      archivePrefix  = "arXiv",
      primaryClass   = "astro-ph.HE",
      SLACcitation   = "%%CITATION = ARXIV:1608.08453;%%"
}

@article{Pizzolotto:2016lwk,
      author         = "Pizzolotto, Cecilia",
      title          = "{Positron fraction, electron and positron spectra
                        measured by AMS-02}",
      booktitle      = "{Proceedings, 5th Roma International Conference on
                        Astro-Particle physics (RICAP 14): Noto, Sicily, Italy,
                        September 30-October 3, 2014}",
      collaboration  = "AMS-02",
      journal        = "EPJ Web Conf.",
      volume         = "121",
      year           = "2016",
      pages          = "03006",
      doi            = "10.1051/epjconf/201612103006",
      SLACcitation   = "%%CITATION = 00776,121,03006;%%"
}

%%% contains utf-8, see: http://inspirehep.net/info/faq/general#utf8
%%% add \usepackage[utf8]{inputenc} to your latex preamble

@article{Restrepo:2019soi,
      author         = "Restrepo, Diego and Rivera, AndrÃ©s and Tangarife,
                        Walter",
      title          = "{Singlet-Doublet Dirac Dark Matter and Neutrino Masses}",
      journal        = "Phys. Rev.",
      volume         = "D100",
      year           = "2019",
      number         = "3",
      pages          = "035029",
      doi            = "10.1103/PhysRevD.100.035029",
      eprint         = "1906.09685",
      archivePrefix  = "arXiv",
      primaryClass   = "hep-ph",
      SLACcitation   = "%%CITATION = ARXIV:1906.09685;%%"
}
@article{Ghiglieri:2019kbw,
      author         = "Ghiglieri, J. and Laine, M.",
      title          = "{Sterile neutrino dark matter via GeV-scale
                        leptogenesis?}",
      journal        = "JHEP",
      volume         = "07",
      year           = "2019",
      pages          = "078",
      doi            = "10.1007/JHEP07(2019)078",
      eprint         = "1905.08814",
      archivePrefix  = "arXiv",
      primaryClass   = "hep-ph",
      reportNumber   = "CERN-TH-2019-062",
      SLACcitation   = "%%CITATION = ARXIV:1905.08814;%%"
}
@article{Fermi-LAT:2016uux,
      author         = "Albert, A. and others",
      title          = "{Searching for Dark Matter Annihilation in Recently
                        Discovered Milky Way Satellites with Fermi-LAT}",
      collaboration  = "Fermi-LAT, DES",
      journal        = "Astrophys. J.",
      volume         = "834",
      year           = "2017",
      number         = "2",
      pages          = "110",
      doi            = "10.3847/1538-4357/834/2/110",
      eprint         = "1611.03184",
      archivePrefix  = "arXiv",
      primaryClass   = "astro-ph.HE",
      reportNumber   = "FERMILAB-PUB-16-073-AE",
      SLACcitation   = "%%CITATION = ARXIV:1611.03184;%%"
}
@article{Ahmed:2019zxm,
      author         = "Ahmed, Aqeel and Carmona, Adrian and Castellano Ruiz,
                        Javier and Chung, Yi and Neubert, Matthias",
      title          = "{Dynamical origin of fermion bulk masses in a warped
                        extra dimension}",
      journal        = "JHEP",
      volume         = "08",
      year           = "2019",
      pages          = "045",
      doi            = "10.1007/JHEP08(2019)045",
      eprint         = "1905.09833",
      archivePrefix  = "arXiv",
      primaryClass   = "hep-ph",
      reportNumber   = "MITP/19-020",
      SLACcitation   = "%%CITATION = ARXIV:1905.09833;%%"
}
@article{Staub:2013tta,
      author         = "Staub, Florian",
      title          = "{SARAH 4 : A tool for (not only SUSY) model builders}",
      journal        = "Comput. Phys. Commun.",
      volume         = "185",
      year           = "2014",
      pages          = "1773-1790",
      doi            = "10.1016/j.cpc.2014.02.018",
      eprint         = "1309.7223",
      archivePrefix  = "arXiv",
      primaryClass   = "hep-ph",
      reportNumber   = "BONN-TH-2013-17",
      SLACcitation   = "%%CITATION = ARXIV:1309.7223;%%"
}
@article{Belanger:2010gh,
      author         = "Belanger, G. and Boudjema, F. and Brun, P. and Pukhov, A.
                        and Rosier-Lees, S. and Salati, P. and Semenov, A.",
      title          = "{Indirect search for dark matter with micrOMEGAs2.4}",
      journal        = "Comput. Phys. Commun.",
      volume         = "182",
      year           = "2011",
      pages          = "842-856",
      doi            = "10.1016/j.cpc.2010.11.033",
      eprint         = "1004.1092",
      archivePrefix  = "arXiv",
      primaryClass   = "hep-ph",
      reportNumber   = "IRFU-10-24, LAPTH-012-10.",
      SLACcitation   = "%%CITATION = ARXIV:1004.1092;%%"
}
@article{Drees:2013wra,
      author         = "Drees, Manuel and Dreiner, Herbi and Schmeier, Daniel and
                        Tattersall, Jamie and Kim, Jong Soo",
      title          = "{CheckMATE: Confronting your Favourite New Physics Model
                        with LHC Data}",
      journal        = "Comput. Phys. Commun.",
      volume         = "187",
      year           = "2015",
      pages          = "227-265",
      doi            = "10.1016/j.cpc.2014.10.018",
      eprint         = "1312.2591",
      archivePrefix  = "arXiv",
      primaryClass   = "hep-ph",
      reportNumber   = "ADP-13-29-T849, IFT-UAM-CSIC-13-133,
                        ADP-13-29-T849-IFT-UAM-CSIC-13-133",
      SLACcitation   = "%%CITATION = ARXIV:1312.2591;%%"
}
@article{Porod:2011nf,
      author         = "Porod, W. and Staub, F.",
      title          = "{SPheno 3.1: Extensions including flavour, CP-phases and
                        models beyond the MSSM}",
      journal        = "Comput. Phys. Commun.",
      volume         = "183",
      year           = "2012",
      pages          = "2458-2469",
      doi            = "10.1016/j.cpc.2012.05.021",
      eprint         = "1104.1573",
      archivePrefix  = "arXiv",
      primaryClass   = "hep-ph",
      SLACcitation   = "%%CITATION = ARXIV:1104.1573;%%"
}
@article{Alwall:2011uj,
      author         = "Alwall, Johan and Herquet, Michel and Maltoni, Fabio and
                        Mattelaer, Olivier and Stelzer, Tim",
      title          = "{MadGraph 5 : Going Beyond}",
      journal        = "JHEP",
      volume         = "06",
      year           = "2011",
      pages          = "128",
      doi            = "10.1007/JHEP06(2011)128",
      eprint         = "1106.0522",
      archivePrefix  = "arXiv",
      primaryClass   = "hep-ph",
      reportNumber   = "FERMILAB-PUB-11-448-T",
      SLACcitation   = "%%CITATION = ARXIV:1106.0522;%%"
}

%%% contains utf-8, see: http://inspirehep.net/info/faq/general#utf8
%%% add \usepackage[utf8]{inputenc} to your latex preamble

@article{Alloul:2013bka,
      author         = "Alloul, Adam and Christensen, Neil D. and Degrande,
                        CÃ©line and Duhr, Claude and Fuks, Benjamin",
      title          = "{FeynRules  2.0 - A complete toolbox for tree-level
                        phenomenology}",
      journal        = "Comput. Phys. Commun.",
      volume         = "185",
      year           = "2014",
      pages          = "2250-2300",
      doi            = "10.1016/j.cpc.2014.04.012",
      eprint         = "1310.1921",
      archivePrefix  = "arXiv",
      primaryClass   = "hep-ph",
      reportNumber   = "CERN-PH-TH-2013-239, MCNET-13-14, IPPP-13-71,
                        DCPT-13-142, PITT-PACC-1308",
      SLACcitation   = "%%CITATION = ARXIV:1310.1921;%%"
}
@article{Arcadi:2017kky,
      author         = "Arcadi, Giorgio and Dutra, MaÃ­ra and Ghosh, Pradipta and
                        Lindner, Manfred and Mambrini, Yann and Pierre, Mathias
                        and Profumo, Stefano and Queiroz, Farinaldo S.",
      title          = "{The waning of the WIMP? A review of models, searches,
                        and constraints}",
      journal        = "Eur. Phys. J.",
      volume         = "C78",
      year           = "2018",
      number         = "3",
      pages          = "203",
      doi            = "10.1140/epjc/s10052-018-5662-y",
      eprint         = "1703.07364",
      archivePrefix  = "arXiv",
      primaryClass   = "hep-ph",
      SLACcitation   = "%%CITATION = ARXIV:1703.07364;%%"
}
@article{Vogelsberger:2014pda,
      author         = "Vogelsberger, Mark and Zavala, Jesus and Simpson,
                        Christine and Jenkins, Adrian",
      title          = "{Dwarf galaxies in CDM and SIDM with baryons:
                        observational probes of the nature of dark matter}",
      journal        = "Mon. Not. Roy. Astron. Soc.",
      volume         = "444",
      year           = "2014",
      number         = "4",
      pages          = "3684-3698",
      doi            = "10.1093/mnras/stu1713",
      eprint         = "1405.5216",
      archivePrefix  = "arXiv",
      primaryClass   = "astro-ph.CO",
      SLACcitation   = "%%CITATION = ARXIV:1405.5216;%%"
}
@article{Elbert:2014bma,
      author         = "Elbert, Oliver D. and Bullock, James S. and
                        Garrison-Kimmel, Shea and Rocha, Miguel and OÃ±orbe, Jose
                        and Peter, Annika H. G.",
      title          = "{Core formation in dwarf haloes with self-interacting
                        dark matter: no fine-tuning necessary}",
      journal        = "Mon. Not. Roy. Astron. Soc.",
      volume         = "453",
      year           = "2015",
      number         = "1",
      pages          = "29-37",
      doi            = "10.1093/mnras/stv1470",
      eprint         = "1412.1477",
      archivePrefix  = "arXiv",
      primaryClass   = "astro-ph.GA",
      SLACcitation   = "%%CITATION = ARXIV:1412.1477;%%"
}
@article{Kaplinghat:2015aga,
      author         = "Kaplinghat, Manoj and Tulin, Sean and Yu, Hai-Bo",
      title          = "{Dark Matter Halos as Particle Colliders: Unified
                        Solution to Small-Scale Structure Puzzles from Dwarfs to
                        Clusters}",
      journal        = "Phys. Rev. Lett.",
      volume         = "116",
      year           = "2016",
      number         = "4",
      pages          = "041302",
      doi            = "10.1103/PhysRevLett.116.041302",
      eprint         = "1508.03339",
      archivePrefix  = "arXiv",
      primaryClass   = "astro-ph.CO",
      SLACcitation   = "%%CITATION = ARXIV:1508.03339;%%"
}

@article{Bouillot:2014hda,
      author         = "Bouillot, Vincent R. and Alimi, Jean-Michel and
                        Corasaniti, Pier-Stefano and Rasera, Yann",
      title          = "{Probing dark energy models with extreme pairwise
                        velocities of galaxy clusters from the DEUS-FUR
                        simulations}",
      journal        = "Mon. Not. Roy. Astron. Soc.",
      volume         = "450",
      year           = "2015",
      pages          = "145-159",
      doi            = "10.1093/mnras/stv558",
      eprint         = "1405.6679",
      archivePrefix  = "arXiv",
      primaryClass   = "astro-ph.CO",
      SLACcitation   = "%%CITATION = ARXIV:1405.6679;%%"
}

@article{Thompson:2014zra,
      author         = "Thompson, Robert and DavÃ©, Romeel and Nagamine, Kentaro",
      title          = "{The rise and fall of a challenger: the Bullet Cluster in
                        Î› cold dark matter simulations}",
      journal        = "Mon. Not. Roy. Astron. Soc.",
      volume         = "452",
      year           = "2015",
      number         = "3",
      pages          = "3030-3037",
      doi            = "10.1093/mnras/stv1433",
      eprint         = "1410.7438",
      archivePrefix  = "arXiv",
      primaryClass   = "astro-ph.CO",
      SLACcitation   = "%%CITATION = ARXIV:1410.7438;%%"
}
@article{Kraljic:2014soa,
      author         = "Kraljic, David and Sarkar, Subir",
      title          = "{How rare is the Bullet Cluster (in a Î›CDM universe)?}",
      journal        = "JCAP",
      volume         = "1504",
      year           = "2015",
      number         = "04",
      pages          = "050",
      doi            = "10.1088/1475-7516/2015/04/050",
      eprint         = "1412.7719",
      archivePrefix  = "arXiv",
      primaryClass   = "astro-ph.CO",
      SLACcitation   = "%%CITATION = ARXIV:1412.7719;%%"
}
@article{deSwart:2017heh,
      author         = "de Swart, Jaco and Bertone, Gianfranco and van Dongen,
                        Jeroen",
      title          = "{How Dark Matter Came to Matter}",
      year           = "2017",
      journal = "Nature Astron.",
      doi            = "10.1038/s41550017-0059, 10.1038/s41550-017-0059",
      note           = "[Nature Astron.1,0059(2017)]",
      volume = "1",
      pages ="0059",
      eprint         = "1703.00013",
      archivePrefix  = "arXiv",
      primaryClass   = "astro-ph.CO",
      SLACcitation   = "%%CITATION = ARXIV:1703.00013;%%"
}
@article{Bertone:2016nfn,
      author         = "Bertone, Gianfranco and Hooper, Dan",
      title          = "{History of dark matter}",
      journal        = "Rev. Mod. Phys.",
      volume         = "90",
      year           = "2018",
      number         = "4",
      pages          = "045002",
      doi            = "10.1103/RevModPhys.90.045002",
      eprint         = "1605.04909",
      archivePrefix  = "arXiv",
      primaryClass   = "astro-ph.CO",
      reportNumber   = "FERMILAB-PUB-16-157-A",
      SLACcitation   = "%%CITATION = ARXIV:1605.04909;%%"
}
@article{Bergstrom:2000pn,
      author         = "BergstrÃ¶m, Lars",
      title          = "{Nonbaryonic dark matter: Observational evidence and
                        detection methods}",
      journal        = "Rept. Prog. Phys.",
      volume         = "63",
      year           = "2000",
      pages          = "793",
      doi            = "10.1088/0034-4885/63/5/2r3",
      eprint         = "hep-ph/0002126",
      archivePrefix  = "arXiv",
      primaryClass   = "hep-ph",
      SLACcitation   = "%%CITATION = HEP-PH/0002126;%%"
}
@article{Abazajian:2019oqj,
      author         = "Abazajian, Kevork N. and Heeck, Julian",
      title          = "{Observing Dirac neutrinos in the cosmic microwave
                        background}",
      journal        = "Phys. Rev.",
      volume         = "D100",
      year           = "2019",
      pages          = "075027",
      doi            = "10.1103/PhysRevD.100.075027",
      eprint         = "1908.03286",
      archivePrefix  = "arXiv",
      primaryClass   = "hep-ph",
      reportNumber   = "UCI-TR-2019-21",
      SLACcitation   = "%%CITATION = ARXIV:1908.03286;%%"
}

@article{Buckley:2017ijx,
      author         = "Buckley, Matthew R. and Peter, Annika H. G.",
      title          = "{Gravitational probes of dark matter physics}",
      journal        = "Phys. Rept.",
      volume         = "761",
      year           = "2018",
      pages          = "1-60",
      doi            = "10.1016/j.physrep.2018.07.003",
      eprint         = "1712.06615",
      archivePrefix  = "arXiv",
      primaryClass   = "astro-ph.CO",
      SLACcitation   = "%%CITATION = ARXIV:1712.06615;%%"
}
@article{1801.09070,
      author         = "Rodriguez, Andres C. and Kacprzak, Tomasz and Lucchi,
                        Aurelien and Amara, Adam and Sgier, Raphael and Fluri,
                        Janis and Hofmann, Thomas and RÃ©frÃ©gier, Alexandre",
      title          = "{Fast cosmic web simulations with generative adversarial
                        networks}",
      journal        = "Comput. Astrophys. Cosmol.",
      volume         = "5",
      year           = "2018",
      pages          = "4",
      doi            = "10.1186/s40668-018-0026-4",
      eprint         = "1801.09070",
      archivePrefix  = "arXiv",
      primaryClass   = "astro-ph.CO",
      SLACcitation   = "%%CITATION = ARXIV:1801.09070;%%"
}
@article{Mirizzi:2015eza,
      author         = "Mirizzi, Alessandro and Tamborra, Irene and Janka,
                        Hans-Thomas and Saviano, Ninetta and Scholberg, Kate and
                        Bollig, Robert and Hudepohl, Lorenz and Chakraborty,
                        Sovan",
      title          = "{Supernova Neutrinos: Production, Oscillations and Detection}",
      journal        = "Riv. Nuovo Cim.",
      volume         = "39",
      year           = "2016",
      number         = "1-2",
      pages          = "1-112",
      doi            = "10.1393/ncr/i2016-10120-8",
      eprint         = "1508.00785",
      archivePrefix  = "arXiv",
      primaryClass   = "astro-ph.HE",
      SLACcitation   = "%%CITATION = ARXIV:1508.00785;%%"
}

@article{Scholberg:2012id,
	Archiveprefix = {arXiv},
	Author = {Scholberg, K.},
	Eprint = {1205.6003},
	Journal = {Ann.Rev.Nucl.Part.Sci.},
	Pages = {81--103},
	Primaryclass = {astro-ph.IM},
	Slaccitation = {%%CITATION = ARXIV:1205.6003;%%},
	      title          = "{Supernova Neutrino Detection}",
	volume = {62},
	year = {2012}
	}

@article{Scholberg:2017czd,
      author         = "Scholberg, Kate",
      title          = "{Supernova Signatures of Neutrino Mass Ordering}",
      journal        = "J. Phys.",
      volume         = "G45",
      year           = "2018",
      number         = "1",
      pages          = "014002",
      doi            = "10.1088/1361-6471/aa97be",
      eprint         = "1707.06384",
      archivePrefix  = "arXiv",
      primaryClass   = "hep-ex",
      SLACcitation   = "%%CITATION = ARXIV:1707.06384;%%"
}

@article{Abi:2018dnh,
      author         = "Abi, B. and others",
      title          = "{The DUNE Far Detector Interim Design Report Volume 1:
                        Physics, Technology and Strategies}",
      collaboration  = "DUNE",
      year           = "2018",
      eprint         = "1807.10334",
      archivePrefix  = "arXiv",
      primaryClass   = "physics.ins-det",
      reportNumber   = "FERMILAB-DESIGN-2018-02",
      SLACcitation   = "%%CITATION = ARXIV:1807.10334;%%"
}
@article{Aprile:2017iyp,
      author         = "Aprile, E. and others",
      title          = "{First Dark Matter Search Results from the XENON1T Experiment}",
      collaboration  = "XENON",
      journal        = "Phys. Rev. Lett.",
      volume         = "119",
      year           = "2017",
      number         = "18",
      pages          = "181301",
      eprint         = "1705.06655",
      archivePrefix  = "arXiv",
      primaryClass   = "astro-ph.CO",
      SLACcitation   = "%%CITATION = ARXIV:1705.06655;%%"
}

%%% contains utf-8, see: http://inspirehep.net/info/faq/general#utf8
%%% add \usepackage[utf8]{inputenc} to your latex preamble
@article{Cappiello:2019qsw,
      author         = "Cappiello, Christopher and Beacom, John F.",
      title          = "{Strong New Limits on Light Dark Matter from Neutrino
                        Experiments}",
      journal        = "Phys. Rev.",
      volume         = "D100",
      year           = "2019",
      number         = "10",
      pages          = "103011",
      doi            = "10.1103/PhysRevD.100.103011",
      eprint         = "1906.11283",
      archivePrefix  = "arXiv",
      primaryClass   = "hep-ph",
      SLACcitation   = "%%CITATION = ARXIV:1906.11283;%%"
}
@article{Bakhti:2018avv,
      author         = "Bakhti, P. and Farzan, Y. and Rajaee, M.",
      title          = "{Secret interactions of neutrinos with light gauge boson
                        at the DUNE near detector}",
      journal        = "Phys. Rev.",
      volume         = "D99",
      year           = "2019",
      number         = "5",
      pages          = "055019",
      doi            = "10.1103/PhysRevD.99.055019",
      eprint         = "1810.04441",
      archivePrefix  = "arXiv",
      primaryClass   = "hep-ph",
      SLACcitation   = "%%CITATION = ARXIV:1810.04441;%%"
}
@article{Machado:2019oxb,
      author         = "Machado, Pedro AN and Palamara, Ornella and Schmitz,
                        David W",
      title          = "{The Short-Baseline Neutrino Program at Fermilab}",
      journal        = "Ann. Rev. Nucl. Part. Sci.",
      volume         = "69",
      year           = "2019",
      pages          = "363-387",
      doi            = "10.1146/annurev-nucl-101917-020949",
      eprint         = "1903.04608",
      archivePrefix  = "arXiv",
      primaryClass   = "hep-ex",
      reportNumber   = "FERMILAB-PUB-19-079-ND-T",
      SLACcitation   = "%%CITATION = ARXIV:1903.04608;%%"
}

%%% contains utf-8, see: http://inspirehep.net/info/faq/general#utf8
%%% add \usepackage[utf8]{inputenc} to your latex preamble

%%% contains utf-8, see: http://inspirehep.net/info/faq/general#utf8
%%% add \usepackage[utf8]{inputenc} to your latex preamble

@article{deFavereau:2013fsa,
      author         = "de Favereau, J. and Delaere, C. and Demin, P. and
                        Giammanco, A. and LemaÃ®tre, V. and Mertens, A. and
                        Selvaggi, M.",
      title          = "{DELPHES 3, A modular framework for fast simulation of a
                        generic collider experiment}",
      collaboration  = "DELPHES 3",
      journal        = "JHEP",
      volume         = "02",
      year           = "2014",
      pages          = "057",
      doi            = "10.1007/JHEP02(2014)057",
      eprint         = "1307.6346",
      archivePrefix  = "arXiv",
      primaryClass   = "hep-ex",
      SLACcitation   = "%%CITATION = ARXIV:1307.6346;%%"
}

@article{Carena:2019xrr,
      author         = "Carena, Marcela and QuirÃ³s, Mariano and Zhang, Yue",
      title          = "{Dark CP Violation and Gauged Lepton/Baryon Number for
                        Electroweak Baryogenesis}",
      year           = "2019",
      eprint         = "1908.04818",
      archivePrefix  = "arXiv",
      primaryClass   = "hep-ph",
      reportNumber   = "FERMILAB-PUB-19-395-T",
      SLACcitation   = "%%CITATION = ARXIV:1908.04818;%%"
}
%%% contains utf-8, see: http://inspirehep.net/info/faq/general#utf8
%%% add \usepackage[utf8]{inputenc} to your latex preamble
@article{Jana:2019mgj,
      author         = "Jana, Sudip and Vishnu, P. K. and Saad, Shaikh",
      title          = "{Minimal Realizations of Dirac Neutrino Mass from Generic
                        One-loop and Two-loop Topologies at $d=5$}",
      year           = "2019",
      eprint         = "1910.09537",
      archivePrefix  = "arXiv",
      primaryClass   = "hep-ph",
      reportNumber   = "OSU-HEP-19-07",
      SLACcitation   = "%%CITATION = ARXIV:1910.09537;%%"
}
@article{Chiang:2019ajm,
      author         = "Chiang, Cheng-Wei and Cottin, Giovanna and Das, Arindam
                        and Mandal, Sanjoy",
      title          = "{Displaced heavy neutrinos from $Zâ€²$ decays at the
                        LHC}",
      journal        = "JHEP",
      volume         = "12",
      year           = "2019",
      pages          = "070",
      doi            = "10.1007/JHEP12(2019)070",
      eprint         = "1908.09838",
      archivePrefix  = "arXiv",
      primaryClass   = "hep-ph",
      SLACcitation   = "%%CITATION = ARXIV:1908.09838;%%"
}


@article{Berryman:2019dme,
      author         = "Berryman, Jeffrey M. and de Gouvea, Andre and Fox,
                        Patrick J and Kayser, Boris Jules and Kelly, Kevin James
                        and Raaf, Jennifer Lynne",
      title          = "{Searches for Decays of New Particles in the DUNE
                        Multi-Purpose Near Detector}",
      journal        = "JHEP",
      volume         = "02",
      year           = "2020",
      pages          = "174",
      doi            = "10.1007/JHEP02(2020)174",
      eprint         = "1912.07622",
      archivePrefix  = "arXiv",
      primaryClass   = "hep-ph",
      reportNumber   = "FERMILAB-PUB-19-607-ND-T, NUHEP-TH/19-16",
      SLACcitation   = "%%CITATION = ARXIV:1912.07622;%%"
}
@article{Coloma:2015pih,
      author         = "Coloma, Pilar and Dobrescu, Bogdan A. and Frugiuele,
                        Claudia and Harnik, Roni",
      title          = "{Dark matter beams at LBNF}",
      journal        = "JHEP",
      volume         = "04",
      year           = "2016",
      pages          = "047",
      doi            = "10.1007/JHEP04(2016)047",
      eprint         = "1512.03852",
      archivePrefix  = "arXiv",
      primaryClass   = "hep-ph",
      reportNumber   = "FERMILAB-PUB-15-535-T",
      SLACcitation   = "%%CITATION = ARXIV:1512.03852;%%"
}
@article{GonzalezGarcia:2002dz,
       author         = "Gonzalez-Garcia, M. C. and Nir, Yosef",
       title          = "{Neutrino masses and mixing: Evidence and implications}",
       journal        = "Rev.Mod.Phys.",
       volume         = "75",
       pages          = "345-402",
       doi            = "10.1103/RevModPhys.75.345",
       year           = "2003",
       eprint         = "hep-ph/0202058",
       archivePrefix  = "arXiv",
       primaryClass   = "hep-ph",
       reportNumber   = "CERN-TH-2002-021, WIS-08-02-FEB-DPP",
       SLACcitation   = "%%CITATION = HEP-PH/0202058;%%",
 }

@misc{premionobel2015a,
   url = {http://www.nobelprize.org/nobel_prizes/physics/laureates/2015/},
   note = {\url{http://www.nobelprize.org/nobel_prizes/physics/laureates/2015/}},
collaboration = "Nobel Prize 2015",
}
@misc{premionobel2015b,
   url = {http://assinaturadigital.cienciahoje.org.br/revistas/reduzidas/332/#8},
   note = {\url{http://assinaturadigital.cienciahoje.org.br/revistas/reduzidas/332/#8}},
collaboration = "Pr\^emio Nobel de F\'isica 2015, Ci\^encia Hoje 332, P\'agina 8, Dezembro de 2015",
}
@article{Hewett:2012ns,
      author         = "Hewett, J. L. and others",
      title          = "{Fundamental Physics at the Intensity Frontier}",
      url            = "http://lss.fnal.gov/archive/preprint/fermilab-conf-12-879-ppd.shtml",
      doi            = "10.2172/1042577",
      year           = "2012",
      eprint         = "1205.2671",
      note   =" https://doi.org/10.2172/1042577",
      archivePrefix  = "arXiv",
      primaryClass   = "hep-ex",
      reportNumber   = "ANL-HEP-TR-12-25, SLAC-R-991, FERMILAB-CONF-12-879-PPD",
      SLACcitation   = "%%CITATION = ARXIV:1205.2671;%%"
}
@article{Rule2019,
      author         = "Rule, A. and Birmingham, A. and  Zuniga, C. and Altintas, I. and Huang, S.-C. and  Knight, R. and others",
      title          = "{Ten simple rules for writing and sharing computational analyses in Jupyter Notebooks }",
      journal        = "PLoS Comput Biol",
      volume         = "15",
      year           = "2019",
      number         = "7",
      pages          = "e1007007",
      DOI         = "https://doi.org/10.1371/journal.pcbi.1007007",
      archivePrefix  = "arXiv",
      primaryClass   = "astro-ph.CO",
      SLACcitation   = "%%CITATION = ARXIV:1705.06655;%%"
}

@article{Iovine:2019rmd,
      author         = "Iovine, NadÃ¨ge and Aguilar SÃ¡nchez, Juan Antonio and
                        Baur, Sebastian and Gozzini, Sara and GÃ³mez, Juan de Dios
                        Zornoza",
      title          = "{Combined Search for Neutrinos from Dark Matter
                        Annihilation in the Galactic Centre using ANTARES and
                        IceCube}",
      booktitle      = "{HAWC Contributions to the 36th International Cosmic Ray
                        Conference (ICRC2019)}",
      collaboration  = "IceCube",
      journal        = "PoS",
      volume         = "ICRC2019",
      year           = "2020",
      pages          = "522",
      doi            = "10.22323/1.358.0522",
      eprint         = "1908.07300",
      archivePrefix  = "arXiv",
      primaryClass   = "astro-ph.HE",
      reportNumber   = "PoS-ICRC2019-522",
      SLACcitation   = "%%CITATION = ARXIV:1908.07300;%%"
}
@article{Jiang:2020jbc,
      author         = "Jiang, Wei and Li, Xiang and Duan, Kai-Kai and Shen,
                        Zhao-Qiang and Xu, Zun-Lei and Zang, Jing-Jing and Lei,
                        Shi-Jun and Yuan, Qiang",
      title          = "{Boresight Alignment of DArk Matter Particle Explorer}",
      booktitle      = "{HAWC Contributions to the 36th International Cosmic Ray
                        Conference (ICRC2019)}",
      journal        = "PoS",
      volume         = "ICRC2019",
      year           = "2020",
      pages          = "567",
      doi            = "10.22323/1.358.0567",
      eprint         = "2001.01804",
      archivePrefix  = "arXiv",
      primaryClass   = "astro-ph.IM",
      SLACcitation   = "%%CITATION = ARXIV:2001.01804;%%"
}
@article{Akerib:2018lyp,
      author         = "Akerib, D. S. and others",
      title          = "{Projected WIMP Sensitivity of the LUX-ZEPLIN (LZ) Dark
                        Matter Experiment}",
      collaboration  = "LUX-ZEPLIN",
      year           = "2018",
      eprint         = "1802.06039",
      archivePrefix  = "arXiv",
      primaryClass   = "astro-ph.IM",
      reportNumber   = "FERMILAB-PUB-18-054-AE-PPD",
      SLACcitation   = "%%CITATION = ARXIV:1802.06039;%%"
}
@article{Giovacchini:2020vxz,
      author         = "Giovacchini, F. and Casaus, J. and Oliva, A.",
      title          = "{The AMS-02 RICH detector: Status and physics results}",
      booktitle      = "{10th Workshop on Ring Imaging Cherenkov Detectors
                        (RICH2018) Moscow, Russia, July 29-August 4, 2018}",
      collaboration  = "AMS-02 RICH",
      journal        = "Nucl. Instrum. Meth.",
      volume         = "A952",
      year           = "2020",
      pages          = "161797",
      doi            = "10.1016/j.nima.2019.01.024",
      SLACcitation   = "%%CITATION = NUIMA,A952,161797;%%"
}
%%% contains utf-8, see: https://inspirehep.net/info/faq/general#utf8
%%% add \usepackage[utf8]{inputenc} to your latex preamble
@article{Tan:2016diz,
      author         = "Tan, Andi and others",
      title          = "{Dark Matter Search Results from the Commissioning Run of
                        PandaX-II}",
      collaboration  = "PandaX",
      journal        = "Phys. Rev.",
      volume         = "D93",
      year           = "2016",
      number         = "12",
      pages          = "122009",
      doi            = "10.1103/PhysRevD.93.122009",
      eprint         = "1602.06563",
      archivePrefix  = "arXiv",
      primaryClass   = "hep-ex",
      SLACcitation   = "%%CITATION = ARXIV:1602.06563;%%"
}

@article{Abdallah:2016ygi,
      author         = "Abdallah, H. and others",
      title          = "{Search for dark matter annihilations towards the inner
                        Galactic halo from 10 years of observations with H.E.S.S}",
      collaboration  = "H.E.S.S.",
      journal        = "Phys. Rev. Lett.",
      volume         = "117",
      year           = "2016",
      number         = "11",
      pages          = "111301",
      doi            = "10.1103/PhysRevLett.117.111301",
      eprint         = "1607.08142",
      archivePrefix  = "arXiv",
      primaryClass   = "astro-ph.HE",
      SLACcitation   = "%%CITATION = ARXIV:1607.08142;%%"
}
@article{Acharya:2017ttl,
      author         = "Acharya, B. S. and others",
      title          = "{Science with the Cherenkov Telescope Array}",
      publisher      = "WSP",
      collaboration  = "CTA Consortium",
      year           = "2018",
      doi            = "10.1142/10986, 10.3204/PUBDB-2020-00341",
      eprint         = "1709.07997",
      archivePrefix  = "arXiv",
      primaryClass   = "astro-ph.IM",
      ISBN           = "9789813270084",
      SLACcitation   = "%%CITATION = ARXIV:1709.07997;%%"
}
@article{Ajello:2018sxm,
      author         = "Abdollahi, S. and others",
      title          = "{A gamma-ray determination of the Universeâ€™s star
                        formation history}",
      collaboration  = "Fermi-LAT",
      journal        = "Science",
      volume         = "362",
      year           = "2018",
      number         = "6418",
      pages          = "1031-1034",
      doi            = "10.1126/science.aat8123",
      eprint         = "1812.01031",
      archivePrefix  = "arXiv",
      primaryClass   = "astro-ph.HE",
      SLACcitation   = "%%CITATION = ARXIV:1812.01031;%%"
}
@article{Abi:2020evt,
      author         = "Jones, Sebastian and others",
      title          = "{Deep Underground Neutrino Experiment (DUNE), Far
                        Detector Technical Design Report, Volume II DUNE Physics}",
      collaboration  = "DUNE",
      year           = "2020",
      eprint         = "2002.03005",
      archivePrefix  = "arXiv",
      primaryClass   = "hep-ex",
      reportNumber   = "FERMILAB-PUB-20-025-ND, FERMILAB-DESIGN-2020-02",
      SLACcitation   = "%%CITATION = ARXIV:2002.03005;%%"
}e{Esmaili:2014gya,
      author         = "Esmaili, Arman and Peres, O. L. G. and Serpico, Pasquale
                        Dario",
      title          = "{Impact of sterile neutrinos on the early time flux from
                        a galactic supernova}",
      journal        = "Phys. Rev.",
      volume         = "D90",
      year           = "2014",
      number         = "3",
      pages          = "033013",
      doi            = "10.1103/PhysRevD.90.033013",
      eprint         = "1402.1453",
      archivePrefix  = "arXiv",
      primaryClass   = "hep-ph",
      SLACcitation   = "%%CITATION = ARXIV:1402.1453;%%"
}
@article{Stapleford:2016jgz,
      author         = "Stapleford, Charles J. and VÃ¤Ã¤nÃ¤nen, Daavid J. and
                        Kneller, James P. and McLaughlin, Gail C. and Shapiro,
                        Brandon T.",
      title          = "{Nonstandard Neutrino Interactions in Supernovae}",
      journal        = "Phys. Rev.",
      volume         = "D94",
      year           = "2016",
      number         = "9",
      pages          = "093007",
      doi            = "10.1103/PhysRevD.94.093007",
      eprint         = "1605.04903",
      archivePrefix  = "arXiv",
      primaryClass   = "hep-ph",
      SLACcitation   = "%%CITATION = ARXIV:1605.04903;%%"
}
@article{Dighe:2017sur,
      author         = "Dighe, Amol and Sen, Manibrata",
      title          = "{Nonstandard neutrino self-interactions in a supernova
                        and fast flavor conversions}",
      journal        = "Phys. Rev.",
      volume         = "D97",
      year           = "2018",
      number         = "4",
      pages          = "043011",
      doi            = "10.1103/PhysRevD.97.043011",
      eprint         = "1709.06858",
      archivePrefix  = "arXiv",
      primaryClass   = "hep-ph",
      reportNumber   = "TIFR-TH-17-33",
      SLACcitation   = "%%CITATION = ARXIV:1709.06858;%%"
}
@article{Umehata2019,
  doi = {10.1126/science.aaw5949},
  url = {https://doi.org/10.1126/science.aaw5949},
  year = {2019},
  month = oct,
  publisher = {American Association for the Advancement of Science ({AAAS})},
  volume = {366},
  number = {6461},
  pages = {97--100},
  author = {H. Umehata and M. Fumagalli and I. Smail and Y. Matsuda and A. M. Swinbank and S. Cantalupo and C. Sykes and R. J. Ivison and C. C. Steidel and A. E. Shapley and J. Vernet and T. Yamada and Y. Tamura and M. Kubo and K. Nakanishi and M. Kajisawa and B. Hatsukade and K. Kohno},
  title = {Gas filaments of the cosmic web located around active galaxies in a protocluster},
  journal = {Science}
}@article{Schmaltz:2017oov,
      author         = "Schmaltz, Martin and Weiner, Neal",
      title          = "{A Portalino to the Dark Sector}",
      journal        = "JHEP",
      volume         = "02",
      year           = "2019",
      pages          = "105",
      doi            = "10.1007/JHEP02(2019)105",
      eprint         = "1709.09164",
      archivePrefix  = "arXiv",
      primaryClass   = "hep-ph",
      SLACcitation   = "%%CITATION = ARXIV:1709.09164;%%"
}
%%% contains utf-8, see: http://inspirehep.net/info/faq/general#utf8
%%% add \usepackage[utf8]{inputenc} to your latex preamble

@article{Arguelles:2019xgp,
      author         = "ArgÃ¼elles, C. A. and others",
      title          = "{White Paper on New Opportunities at the Next-Generation
                        Neutrino Experiments (Part 1: BSM Neutrino Physics and
                        Dark Matter)}",
      year           = "2019",
      eprint         = "1907.08311",
      archivePrefix  = "arXiv",
      primaryClass   = "hep-ph",
      reportNumber   = "FERMILAB-FN-1079-T",
      SLACcitation   = "%%CITATION = ARXIV:1907.08311;%%"
}
@inproceedings{Dev:2019anc,
      author         = "Bhupal Dev, P. S. and others",
      title          = "{Neutrino Non-Standard Interactions: A Status Report}",
      booktitle      = "{NTN Workshop on Neutrino Non-Standard Interactions St
                        Louis, MO, USA, May 29-31, 2019}",
      url            = "http://lss.fnal.gov/archive/2019/conf/fermilab-conf-19-299-t.pdf",
      year           = "2019",
      eprint         = "1907.00991",
      archivePrefix  = "arXiv",
      primaryClass   = "hep-ph",
      reportNumber   = "FERMILAB-CONF-19-299-T",
      SLACcitation   = "%%CITATION = ARXIV:1907.00991;%%"
}
%%% contains utf-8, see: http://inspirehep.net/info/faq/general#utf8
%%% add \usepackage[utf8]{inputenc} to your latex preamble
@article{Calle:2019mxn,
      author         = "Calle, Julian and Restrepo, Diego and Zapata, Ã“scar",
      title          = "{Dirac neutrino mass generation from Majorana messenger}",
      journal        = "Phys. Rev.",
      volume         = "D101",
      year           = "2020",
      number         = "3",
      pages          = "035004",
      doi            = "10.1103/PhysRevD.101.035004",
      eprint         = "1909.09574",
      archivePrefix  = "arXiv",
      primaryClass   = "hep-ph",
      reportNumber   = "IIPDM-2019",
      SLACcitation   = "%%CITATION = ARXIV:1909.09574;%%"
}

%%% contains utf-8, see: http://inspirehep.net/info/faq/general#utf8
%%% add \usepackage[utf8]{inputenc} to your latex preamble

@article{Rodriguez:2018mjb,
      author         = "Rodriguez, Andres C. and Kacprzak, Tomasz and Lucchi,
                        Aurelien and Amara, Adam and Sgier, Raphael and Fluri,
                        Janis and Hofmann, Thomas and RÃ©frÃ©gier, Alexandre",
      title          = "{Fast cosmic web simulations with generative adversarial
                        networks}",
      journal        = "Comput. Astrophys. Cosmol.",
      volume         = "5",
      year           = "2018",
      pages          = "4",
      doi            = "10.1186/s40668-018-0026-4",
      eprint         = "1801.09070",
      archivePrefix  = "arXiv",
      primaryClass   = "astro-ph.CO",
      SLACcitation   = "%%CITATION = ARXIV:1801.09070;%%"
}


@article{Feng:2010zp,
      author         = "Feng, Jonathan L. and Kaplinghat, Manoj and Yu, Hai-Bo",
      title          = "{Sommerfeld Enhancements for Thermal Relic Dark Matter}",
      journal        = "Phys. Rev.",
      volume         = "D82",
      year           = "2010",
      pages          = "083525",
      doi            = "10.1103/PhysRevD.82.083525",
      eprint         = "1005.4678",
      archivePrefix  = "arXiv",
      primaryClass   = "hep-ph",
      reportNumber   = "UCI-TR-2010-06",
      SLACcitation   = "%%CITATION = ARXIV:1005.4678;%%"
}
@article{Aubert:2009ag,
      author         = "Aubert, Bernard and others",
      title          = "{Searches for Lepton Flavor Violation in the Decays tau+-
                        ---&gt; e+- gamma and tau+- ---&gt; mu+- gamma}",
      collaboration  = "BaBar",
      journal        = "Phys. Rev. Lett.",
      volume         = "104",
      year           = "2010",
      pages          = "021802",
      doi            = "10.1103/PhysRevLett.104.021802",
      eprint         = "0908.2381",
      archivePrefix  = "arXiv",
      primaryClass   = "hep-ex",
      reportNumber   = "SLAC-PUB-13753, BABAR-PUB-09-026",
      SLACcitation   = "%%CITATION = ARXIV:0908.2381;%%"
}
@article{Ren:2018gyx,
      author         = "Ren, Xiangxiang and others",
      title          = "{Constraining Dark Matter Models with a Light Mediator at
                        the PandaX-II Experiment}",
      collaboration  = "PandaX-II",
      journal        = "Phys. Rev. Lett.",
      volume         = "121",
      year           = "2018",
      number         = "2",
      pages          = "021304",
      doi            = "10.1103/PhysRevLett.121.021304",
      eprint         = "1802.06912",
      archivePrefix  = "arXiv",
      primaryClass   = "hep-ph",
      SLACcitation   = "%%CITATION = ARXIV:1802.06912;%%"
}
@article{Hisano:2003ec,
      author         = "Hisano, Junji and Matsumoto, Shigeki and Nojiri, Mihoko
                        M.",
      title          = "{Explosive dark matter annihilation}",
      journal        = "Phys. Rev. Lett.",
      volume         = "92",
      year           = "2004",
      pages          = "031303",
      doi            = "10.1103/PhysRevLett.92.031303",
      eprint         = "hep-ph/0307216",
      archivePrefix  = "arXiv",
      primaryClass   = "hep-ph",
      reportNumber   = "ICRR-REPORT-500-2003-4, YITP-03-42",
      SLACcitation   = "%%CITATION = HEP-PH/0307216;%%"
}
@article{Adam:2013mnn,
      author         = "Adam, J. and others",
      title          = "{New constraint on the existence of the $\mu^+ \to
                        e^+\gamma$ decay}",
      collaboration  = "MEG",
      journal        = "Phys. Rev. Lett.",
      volume         = "110",
      year           = "2013",
      pages          = "201801",
      doi            = "10.1103/PhysRevLett.110.201801",
      eprint         = "1303.0754",
      archivePrefix  = "arXiv",
      primaryClass   = "hep-ex",
      SLACcitation   = "%%CITATION = ARXIV:1303.0754;%%"
}
@article{Hisano:2004ds,
      author         = "Hisano, Junji and Matsumoto, Shigeki. and Nojiri, Mihoko
                        M. and Saito, Osamu",
      title          = "{Non-perturbative effect on dark matter annihilation and
                        gamma ray signature from galactic center}",
      journal        = "Phys. Rev.",
      volume         = "D71",
      year           = "2005",
      pages          = "063528",
      doi            = "10.1103/PhysRevD.71.063528",
      eprint         = "hep-ph/0412403",
      archivePrefix  = "arXiv",
      primaryClass   = "hep-ph",
      reportNumber   = "ICRR-REPORT-513-2004-11, YITP-04-73",
      SLACcitation   = "%%CITATION = HEP-PH/0412403;%%"
}
@article{Bertuzzo:2018itn,
      author         = "Bertuzzo, Enrico and Jana, Sudip and Machado, Pedro A. N.
                        and Zukanovich Funchal, Renata",
      title          = "{Dark Neutrino Portal to Explain MiniBooNE excess}",
      journal        = "Phys. Rev. Lett.",
      volume         = "121",
      year           = "2018",
      number         = "24",
      pages          = "241801",
      doi            = "10.1103/PhysRevLett.121.241801",
      eprint         = "1807.09877",
      archivePrefix  = "arXiv",
      primaryClass   = "hep-ph",
      reportNumber   = "FERMILAB-PUB-18-336-T, OSU-HEP-18-04",
      SLACcitation   = "%%CITATION = ARXIV:1807.09877;%%"
}
@article{She:2019skm,
      author         = "She, Z. and others",
      title          = "{Direct detection constraints on dark photon with CDEX-10
                        experiment at CJPL}",
      year           = "2019",
      eprint         = "1910.13234",
      archivePrefix  = "arXiv",
      primaryClass   = "hep-ex",
      SLACcitation   = "%%CITATION = ARXIV:1910.13234;%%"
}
@article{Bertuzzo:2018ftf,
      author         = "Bertuzzo, Enrico and Jana, Sudip and Machado, Pedro A. N.
                        and Zukanovich Funchal, Renata",
      title          = "{Neutrino Masses and Mixings Dynamically Generated by a
                        Light Dark Sector}",
      journal        = "Phys. Lett.",
      volume         = "B791",
      year           = "2019",
      pages          = "210-214",
      doi            = "10.1016/j.physletb.2019.02.023",
      eprint         = "1808.02500",
      archivePrefix  = "arXiv",
      primaryClass   = "hep-ph",
      reportNumber   = "FERMILAB-PUB-18-381-T, OSU-HEP-18-05",
      SLACcitation   = "%%CITATION = ARXIV:1808.02500;%%"
}
%%% contains utf-8, see: http://inspirehep.net/info/faq/general#utf8
%%% add \usepackage[utf8]{inputenc} to your latex preamble

@article{Sjostrand:2014zea,
      author         = "SjÃ¶strand, TorbjÃ¶rn and Ask, Stefan and Christiansen,
                        Jesper R. and Corke, Richard and Desai, Nishita and Ilten,
                        Philip and Mrenna, Stephen and Prestel, Stefan and
                        Rasmussen, Christine O. and Skands, Peter Z.",
      title          = "{An Introduction to PYTHIA 8.2}",
      journal        = "Comput. Phys. Commun.",
      volume         = "191",
      year           = "2015",
      pages          = "159-177",
      doi            = "10.1016/j.cpc.2015.01.024",
      eprint         = "1410.3012",
      archivePrefix  = "arXiv",
      primaryClass   = "hep-ph",
      reportNumber   = "LU-TP-14-36, MCNET-14-22, CERN-PH-TH-2014-190,
                        FERMILAB-PUB-14-316-CD, DESY-14-178, SLAC-PUB-16122",
      SLACcitation   = "%%CITATION = ARXIV:1410.3012;%%"
}
%%% contains utf-8, see: http://inspirehep.net/info/faq/general#utf8
%%% add \usepackage[utf8]{inputenc} to your latex preamble

@article{Carvajal:2018ohk,
      author         = "Carvajal, Cristian D. R. and Zapata, Ã“scar",
      title          = "{One-loop Dirac neutrino mass and mixed axion-WIMP dark
                        matter}",
      journal        = "Phys. Rev.",
      volume         = "D99",
      year           = "2019",
      number         = "7",
      pages          = "075009",
      doi            = "10.1103/PhysRevD.99.075009",
      eprint         = "1812.06364",
      archivePrefix  = "arXiv",
      primaryClass   = "hep-ph",
      SLACcitation   = "%%CITATION = ARXIV:1812.06364;%%"
}

@techreport{Rubbia:117852,
      author        = "Rubbia, Carlo",
      title         = "{The liquid-argon time projection chamber: a new concept
                       for neutrino detectors}",
      institution   = "CERN",
      address       = "Geneva",
      reportNumber  = "CERN-EP-INT-77-8",
      year          = "1977",
      url           = "https://cds.cern.ch/record/117852",
}

@article{Pietropaolo:2792672,
      author        = "Pietropaolo, Francesco",
      title         = "{Vertical Drift LAr-TPC for the DUNE Experiment. Vertical
                       Drift LAr-TPC for the DUNE Experiment}",
      month         = "Dec",
      year          = "2021",
      url           = "https://cds.cern.ch/record/2792672",
}

@article{Anderson_2012,
	doi = {10.1088/1748-0221/7/10/p10019},
  
	url = {https://doi.org/10.1088%2F1748-0221%2F7%2F10%2Fp10019},
  
	year = 2012,
	month = {oct},
  
	publisher = {{IOP} Publishing},
  
	volume = {7},
  
	number = {10},
  
	pages = {P10019--P10019},
  
	author = {C Anderson and M Antonello and B Baller and T Bolton and C Bromberg and F Cavanna and E Church and D Edmunds and A Ereditato and S Farooq and B Fleming and H Greenlee and R Guenette and S Haug and G Horton-Smith and C James and E Klein and K Lang and A Lathrop and P Laurens and S Linden and D McKee and R Mehdiyev and B Page and O Palamara and K Partyka and S Pordes and G Rameika and B Rebel and B Rossi and R Sanders and M Soderberg and J Spitz and A M Szelc and M Weber and T Wongjirad and T Yang and G P Zeller},
  
	title = {The {ArgoNeuT} detector in the {NuMI} low-energy beam line at Fermilab},
  
	journal = {Journal of Instrumentation}
}


@article{Abi_2020,
	doi = {10.1088/1748-0221/15/08/t08010},
	url = {https://doi.org/10.1088/1748-0221/15/08/t08010},
	year = 2020,
	month = {aug},
	publisher = {{IOP} Publishing},
	volume = {15},
	number = {08},
	pages = {T08010--T08010},
	author = {B. Abi and R. Acciarri and M.A. Acero and G. Adamov and D. Adams and M. Adinolfi and Z. Ahmad and J. Ahmed and T. Alion and S. Alonso Monsalve and C. Alt and J. Anderson and C. Andreopoulos and M. Andrews and F. Andrianala and S. Andringa and A. Ankowski and M. Antonova and S. Antusch and A. Aranda-Fernandez and A. Ariga and L.O. Arnold and M.A. Arroyave and J. Asaadi and A. Aurisano and V. Aushev and D. Autiero and F. Azfar and H. Back and J.J. Back and C. Backhouse and P. Baesso and L. Bagby and R. Bajou and S. Balasubramanian and P. Baldi and B. Bambah and F. Barao and G. Barenboim and G. Barker and W. Barkhouse and C. Barnes and G. Barr and J. Barranco Monarca and N. Barros and J.L. Barrow and A. Bashyal and V. Basque and F. Bay and J. Bazo Alba and J.F. Beacom and E. Bechetoille and B. Behera and L. Bellantoni and G. Bellettini and V. Bellini and O. Beltramello and D. Belver and N. Benekos and F. Bento Neves and J. Berger and S. Berkman and P. Bernardini and R.M. Berner and H. Berns and S. Bertolucci and M. Betancourt and Y. Bezawada and M. Bhattacharjee and B. Bhuyan and S. Biagi and J. Bian and M. Biassoni and K. Biery and B. Bilki and M. Bishai and A. Bitadze and A. Blake and B. Blanco Siffert and F. Blaszczyk and G. Blazey and E. Blucher and J. Boissevain and S. Bolognesi and T. Bolton and M. Bonesini and M. Bongrand and F. Bonini and A. Booth and C. Booth and S. Bordoni and A. Borkum and T. Boschi and N. Bostan and P. Bour and S. Boyd and D. Boyden and J. Bracinik and D. Braga and D. Brailsford and A. Brandt and J. Bremer and C. Brew and E. Brianne and S.J. Brice and C. Brizzolari and C. Bromberg and G. Brooijmans and J. Brooke and A. Bross and G. Brunetti and N. Buchanan and H. Budd and D. Caiulo and P. Calafiura and J. Calcutt and M. Calin and S. Calvez and E. Calvo and L. Camilleri and A. Caminata and M. Campanelli and D. Caratelli and G. Carini and B. Carlus and P. Carniti and I. Caro Terrazas and H. Carranza and A. Castillo and C. Castromonte and C. Cattadori and F. Cavalier and F. Cavanna and S. Centro and G. Cerati and A. Cervelli and A. Cervera Villanueva and M. Chalifour and C. Chang and E. Chardonnet and A. Chatterjee and S. Chattopadhyay and J. Chaves and H. Chen and M. Chen and Y. Chen and D. Cherdack and C. Chi and S. Childress and A. Chiriacescu and K. Cho and S. Choubey and A. Christensen and D. Christian and G. Christodoulou and E. Church and P. Clarke and T.E. Coan and A.G. Cocco and J. Coelho and E. Conley and J. Conrad and M. Convery and L. Corwin and P. Cotte and L. Cremaldi and L. Cremonesi and J.I. Crespo-Anad{\'{o}}n and E. Cristaldo and R. Cross and C. Cuesta and Y. Cui and D. Cussans and M. Dabrowski and H. Da Motta and L. Da Silva Peres and Q. David and G.S. Davies and S. Davini and J. Dawson and K. De and R.M. De Almeida and P. Debbins and I. De Bonis and M. Decowski and A. De Gouvea and P.C. De Holanda and I.L. De Icaza Astiz and A. Deisting and P. De Jong and A. Delbart and D. Delepine and M. Delgado and A. Dell{\textquotesingle}Acqua and P. De Lurgio and J.R. De Mello Neto and D.M. DeMuth and S. Dennis and C. Densham and G. Deptuch and A. De Roeck and V. De Romeri and J. De Vries and R. Dharmapalan and M. Dias and F. Diaz and J. Diaz and S. Di Domizio and L. Di Giulio and P. Ding and L. Di Noto and C. Distefano and R. Diurba and M. Diwan and Z. Djurcic and N. Dokania and M. Dolinski and L. Domine and D. Douglas and F. Drielsma and D. Duchesneau and K. Duffy and P. Dunne and T. Durkin and H. Duyang and O. Dvornikov and D. Dwyer and A. Dyshkant and M. Eads and D. Edmunds and J. Eisch and S. Emery and A. Ereditato and C. Escobar and L. Escudero Sanchez and J.J. Evans and E. Ewart and A.C. Ezeribe and K. Fahey and A. Falcone and C. Farnese and Y. Farzan and J. Felix and E. Fernandez-Martinez and P. Fernandez Menendez and F. Ferraro and L. Fields and A. Filkins and F. Filthaut and R.S. Fitzpatrick and W. Flanagan and B. Fleming and R. Flight and J. Fowler and W. Fox and J. Franc and K. Francis and D. Franco and J. Freeman and J. Freestone and J. Fried and A. Friedland and S. Fuess and I. Furic and A.P. Furmanski and A. Gago and H. Gallagher and A. Gallego-Ros and N. Gallice and V. Galymov and E. Gamberini and T. Gamble and R. Gandhi and R. Gandrajula and S. Gao and D. Garcia-Gamez and M.{\'{A}}. Garc{\'{\i}}a-Peris and S. Gardiner and D. Gastler and G. Ge and B. Gelli and A. Gendotti and S. Gent and Z. Ghorbani-Moghaddam and D. Gibin and I. Gil-Botella and C. Girerd and A. Giri and D. Gnani and O. Gogota and M. Gold and S. Gollapinni and K. Gollwitzer and R.A. Gomes and L. Gomez Bermeo and L.S. Gomez Fajardo and F. Gonnella and J. Gonzalez-Cuevas and M.C. Goodman and O. Goodwin and S. Goswami and C. Gotti and E. Goudzovski and C. Grace and M. Graham and E. Gramellini and R. Gran and E. Granados and A. Grant and C. Grant and D. Gratieri and P. Green and S. Green and L. Greenler and M. Greenwood and J. Greer and C. Griffith and M. Groh and J. Grudzinski and K. Grzelak and W. Gu and V. Guarino and R. Guenette and A. Guglielmi and B. Guo and K. Guthikonda and R. Gutierrez and P. Guzowski and M.M. Guzzo and S. Gwon and A. Habig and A. Hackenburg and H. Hadavand and R. Haenni and A. Hahn and J. Haigh and J. Haiston and T. Hamernik and P. Hamilton and J. Han and K. Harder and D.A. Harris and J. Hartnell and T. Hasegawa and R. Hatcher and E. Hazen and A. Heavey and K.M. Heeger and K. Hennessy and S. Henry and M. Hernandez Morquecho and K. Herner and L. Hertel and A.S. Hesam and J. Hewes and A. Higuera Pichardo and T. Hill and S.J. Hillier and A. Himmel and J. Hoff and C. Hohl and A. Holin and E. Hoppe and G.A. Horton-Smith and M. Hostert and A. Hourlier and B. Howard and R. Howell and J. Huang and J. Huang and J. Hugon and G. Iles and A.M. Iliescu and R. Illingworth and A. Ioannisian and R. Itay and A. Izmaylov and E. James and B. Jargowsky and F. Jediny and C. Jes{\'{u}}s-Valls and X. Ji and L. Jiang and S. Jim{\'{e}}nez and A. Jipa and A. Joglekar and C. Johnson and R. Johnson and B. Jones and S. Jones and C. Jung and T. Junk and Y. Jwa and M. Kabirnezhad and A. Kaboth and I. Kadenko and F. Kamiya and G. Karagiorgi and A. Karcher and M. Karolak and Y. Karyotakis and S. Kasai and S.P. Kasetti and L. Kashur and N. Kazaryan and E. Kearns and P. Keener and K.J. Kelly and E. Kemp and W. Ketchum and S. Kettell and M. Khabibullin and A. Khotjantsev and A. Khvedelidze and D. Kim and B. King and B. Kirby and M. Kirby and J. Klein and K. Koehler and L.W. Koerner and S. Kohn and P.P. Koller and M. Kordosky and T. Kosc and U. Kose and V. Kostelecky and K. Kothekar and F. Krennrich and I. Kreslo and Y. Kudenko and V. Kudryavtsev and S. Kulagin and J. Kumar and R. Kumar and C. Kuruppu and V. Kus and T. Kutter and A. Lambert and K. Lande and C.E. Lane and K. Lang and T. Langford and P. Lasorak and D. Last and C. Lastoria and A. Laundrie and A. Lawrence and I. Lazanu and R. LaZur and T. Le and J. Learned and P. LeBrun and G. Lehmann Miotto and R. Lehnert and M. Leigui de Oliveira and M. Leitner and M. Leyton and L. Li and S. Li and S. Li and T. Li and Y. Li and H. Liao and C. Lin and S. Lin and A. Lister and B.R. Littlejohn and J. Liu and S. Lockwitz and T. Loew and M. Lokajicek and I. Lomidze and K. Long and K. Loo and D. Lorca and T. Lord and J. LoSecco and W.C. Louis and K. Luk and X. Luo and N. Lurkin and T. Lux and V.P. Luzio and D. MacFarland and A. Machado and P. Machado and C. Macias and J. Macier and A. Maddalena and P. Madigan and S. Magill and K. Mahn and A. Maio and J.A. Maloney and G. Mandrioli and J.C. Maneira and L. Manenti and S. Manly and A. Mann and K. Manolopoulos and M. Manrique Plata and A. Marchionni and W. Marciano and D. Marfatia and C. Mariani and J. Maricic and F. Marinho and A.D. Marino and M. Marshak and C. Marshall and J. Marshall and J. Marteau and J. Martin-Albo and N. Martinez and D.A. Martinez Caicedo and S. Martynenko and K. Mason and A. Mastbaum and M. Masud and S. Matsuno and J. Matthews and C. Mauger and N. Mauri and K. Mavrokoridis and R. Mazza and A. Mazzacane and E. Mazzucato and E. McCluskey and N. McConkey and K.S. McFarland and C. McGrew and A. McNab and A. Mefodiev and P. Mehta and P. Melas and M. Mellinato and O. Mena and S. Menary and H. Mendez and A. Menegolli and G. Meng and M. Messier and W. Metcalf and M. Mewes and H. Meyer and T. Miao and G. Michna and T. Miedema and J. Migenda and R. Milincic and W. Miller and J. Mills and C. Milne and O. Mineev and O.G. Miranda and S. Miryala and C. Mishra and S. Mishra and A. Mislivec and D. Mladenov and I. Mocioiu and K. Moffat and N. Moggi and R. Mohanta and T.A. Mohayai and N. Mokhov and J.A. Molina and L. Molina Bueno and A. Montanari and C. Montanari and D. Montanari and L.M. Montano Zetina and J. Moon and M. Mooney and A. Moor and D. Moreno and B. Morgan and C. Morris and C. Mossey and E. Motuk and C.A. Moura and J. Mousseau and W. Mu and L. Mualem and J. Mueller and M. Muether and S. Mufson and F. Muheim and A. Muir and M. Mulhearn and H. Muramatsu and S. Murphy and J. Musser and J. Nachtman and S. Nagu and M. Nalbandyan and R. Nandakumar and D. Naples and S. Narita and D. Navas-Nicol{\'{a}}s and N. Nayak and M. Nebot-Guinot and L. Necib and K. Negishi and J.K. Nelson and J. Nesbit and M. Nessi and D. Newbold and M. Newcomer and D. Newhart and R. Nichol and E. Niner and K. Nishimura and A. Norman and R. Northrop and P. Novella and J.A. Nowak and M. Oberling and A. Olivares Del Campo and A. Olivier and Y. Onel and Y. Onishchuk and J. Ott and L. Pagani and S. Pakvasa and O. Palamara and S. Palestini and J.M. Paley and M. Pallavicini and C. Palomares and E. Pantic and V. Paolone and V. Papadimitriou and R. Papaleo and A. Papanestis and S. Paramesvaran and S. Parke and Z. Parsa and M. Parvu and S. Pascoli and L. Pasqualini and J. Pasternak and J. Pater and C. Patrick and L. Patrizii and R.B. Patterson and S. Patton and T. Patzak and A. Paudel and B. Paulos and L. Paulucci and Z. Pavlovic and G. Pawloski and D. Payne and V. Pec and S.J. Peeters and Y. Penichot and E. Pennacchio and A. Penzo and O.L. Peres and J. Perry and D. Pershey and G. Pessina and G. Petrillo and C. Petta and R. Petti and F. Piastra and L. Pickering and F. Pietropaolo and J. Pillow and R. Plunkett and R. Poling and X. Pons and N. Poonthottathil and S. Pordes and M. Potekhin and R. Potenza and B.V. Potukuchi and J. Pozimski and M. Pozzato and S. Prakash and T. Prakash and S. Prince and G. Prior and D. Pugnere and K. Qi and X. Qian and J. Raaf and R. Raboanary and V. Radeka and J. Rademacker and B. Radics and A. Rafique and E. Raguzin and M. Rai and M. Rajaoalisoa and I. Rakhno and H. Rakotondramanana and L. Rakotondravohitra and Y. Ramachers and R. Rameika and M. Ramirez Delgado and B. Ramson and A. Rappoldi and G. Raselli and P. Ratoff and S. Ravat and H. Razafinime and J. Real and B. Rebel and D. Redondo and M. Reggiani-Guzzo and T. Rehak and J. Reichenbacher and S.D. Reitzner and A. Renshaw and S. Rescia and F. Resnati and A. Reynolds and G. Riccobene and L.C. Rice and K. Rielage and Y. Rigaut and D. Rivera and L. Rochester and M. Roda and P. Rodrigues and M. Rodriguez Alonso and J. Rodriguez Rondon and A. Roeth and H. Rogers and S. Rosauro-Alcaraz and M. Rossella and J. Rout and S. Roy and A. Rubbia and C. Rubbia and B. Russell and J. Russell and D. Ruterbories and R. Saakyan and S. Sacerdoti and T. Safford and N. Sahu and P. Sala and N. Samios and M. Sanchez and D.A. Sanders and D. Sankey and S. Santana and M. Santos-Maldonado and N. Saoulidou and P. Sapienza and C. Sarasty and I. Sarcevic and G. Savage and V. Savinov and A. Scaramelli and A. Scarff and A. Scarpelli and T. Schaffer and H. Schellman and P. Schlabach and D. Schmitz and K. Scholberg and A. Schukraft and E. Segreto and J. Sensenig and I. Seong and A. Sergi and F. Sergiampietri and D. Sgalaberna and M. Shaevitz and S. Shafaq and M. Shamma and H.R. Sharma and R. Sharma and T. Shaw and C. Shepherd-Themistocleous and S. Shin and D. Shooltz and R. Shrock and L. Simard and N. Simos and J. Sinclair and G. Sinev and J. Singh and J. Singh and V. Singh and R. Sipos and F. Sippach and G. Sirri and A. Sitraka and K. Siyeon and D. Smargianaki and A. Smith and A. Smith and E. Smith and P. Smith and J. Smolik and M. Smy and P. Snopok and M. Soares Nunes and H. Sobel and M. Soderberg and C.J. Solano Salinas and S. SÃ¶ldner-Rembold and N. Solomey and V. Solovov and W.E. Sondheim and M. Sorel and J. Soto-Oton and A. Sousa and K. Soustruznik and F. Spagliardi and M. Spanu and J. Spitz and N.J. Spooner and K. Spurgeon and R. Staley and M. Stancari and L. Stanco and H. Steiner and J. Stewart and B. Stillwell and J. Stock and F. Stocker and T. Stokes and M. Strait and T. Strauss and S. Striganov and A. Stuart and D. Summers and A. Surdo and V. Susic and L. Suter and C. Sutera and R. Svoboda and B. Szczerbinska and A. Szelc and R. Talaga and H. Tanaka and B. Tapia Oregui and A. Tapper and S. Tariq and E. Tatar and R. Tayloe and A. Teklu and M. Tenti and K. Terao and C.A. Ternes and F. Terranova and G. Testera and A. Thea and J.L. Thompson and C. Thorn and S. Timm and A. Tonazzo and M. Torti and M. Tortola and F. Tortorici and D. Totani and M. Toups and C. Touramanis and J. Trevor and W.H. Trzaska and Y.T. Tsai and Z. Tsamalaidze and K. Tsang and N. Tsverava and S. Tufanli and C. Tull and E. Tyley and M. Tzanov and M.A. Uchida and J. Urheim and T. Usher and M. Vagins and P. Vahle and G. Valdiviesso and E. Valencia and Z. Vallari and J.W. Valle and S. Vallecorsa and R. Van Berg and R.G. Van de Water and D. Vanegas Forero and F. Varanini and D. Vargas and G. Varner and J. Vasel and G. Vasseur and K. Vaziri and S. Ventura and A. Verdugo and S. Vergani and M.A. Vermeulen and M. Verzocchi and H. Vieira de Souza and C. Vignoli and C. Vilela and B. Viren and T. Vrba and T. Wachala and A.V. Waldron and M. Wallbank and H. Wang and J. Wang and Y. Wang and Y. Wang and K. Warburton and D. Warner and M. Wascko and D. Waters and A. Watson and P. Weatherly and A. Weber and M. Weber and H. Wei and A. Weinstein and D. Wenman and M. Wetstein and M.R. While and A. White and L.H. Whitehead and D. Whittington and M.J. Wilking and C. Wilkinson and Z. Williams and F. Wilson and R.J. Wilson and J. Wolcott and T. Wongjirad and K. Wood and L. Wood and E. Worcester and M. Worcester and C. Wret and W. Wu and W. Wu and Y. Xiao and G. Yang and T. Yang and N. Yershov and K. Yonehara and T. Young and B. Yu and J. Yu and J. Zalesak and L. Zambelli and B. Zamorano and A. Zani and L. Zazueta and G. Zeller and J. Zennamo and K. Zeug and C. Zhang and M. Zhao and E. Zhivun and G. Zhu and E.D. Zimmerman and M. Zito and S. Zucchelli and J. Zuklin and V. Zutshi and R. Zwaska},
	title = {Volume {IV}. The {DUNE} far detector single-phase technology},
	journal = {Journal of Instrumentation},
	abstract = {The preponderance of matter over antimatter in the early universe, the dynamics of the supernovae that produced the heavy elements necessary for life, and whether protons eventually decayâ€”these mysteries at the forefront of particle physics and astrophysics are key to understanding the early evolution of our universe, its current state, and its eventual fate. DUNE is an international world-class experiment dedicated to addressing these questions as it searches for leptonic charge-parity symmetry violation, stands ready to capture supernova neutrino bursts, and seeks to observe nucleon decay as a signature of a grand unified theory underlying the standard model. Central to achieving DUNE's physics program is a far detector that combines the many tens-of-kiloton fiducial mass necessary for rare event searches with sub-centimeter spatial resolution in its ability to image those events, allowing identification of the physics signatures among the numerous backgrounds. In the single-phase liquid argon time-projection chamber (LArTPC) technology, ionization charges drift horizontally in the liquid argon under the influence of an electric field towards a vertical anode, where they are read out with fine granularity. A photon detection system supplements the TPC, directly enhancing physics capabilities for all three DUNE physics drivers and opening up prospects for further physics explorations. The DUNE far detector technical design report (TDR) describes the DUNE physics program and the technical designs of the single- and dual-phase DUNE liquid argon TPC far detector modules. Volume IV presents an overview of the basic operating principles of a single-phase LArTPC, followed by a description of the DUNE implementation. Each of the subsystems is described in detail, connecting the high-level design requirements and decisions to the overriding physics goals of DUNE.}
}

@misc{Abi2017,
  doi = {10.48550/ARXIV.1706.07081},
  
  url = {https://arxiv.org/abs/1706.07081},
  
  author = {Abi, B. and Acciarri, R. and Acero, M. A. and Adamowski, M. and Adams, C. and Adams, D. L. and Adamson, P. and Adinolfi, M. and Ahmad, Z. and Albright, C. H. and Alion, T. and Anderson, J. and Anderson, K. and Andreopoulos, C. and Andrews, M. P. and Andrews, R. A. and Anjos, J. dos and Ankowski, A. and Anthony, J. and Antonello, M. and Fernandez, A. Aranda and Ariga, A. and Ariga, T. and Diaz, E. Arrieta and Asaadi, J. and Ascencio, M. and Asner, D. M. and Athar, M. S. and Auger, M. and Aurisano, A. and Aushev, V. and Autiero, D. and Azfar, F. and Back, J. J. and Back, H. O. and Backhouse, C. and Bai, X. and Baird, M. and Balantekin, A. B. and Balasubramanian, S. and Baller, B. and Ballett, P. and Bambah, B. and Band, H. and Bansal, M. and Bansal, S. and Barker, G. J. and Barr, G. and Monarca, J. Barranco and Barros, N. and Bashyal, A. and Bass, M. and Bay, F. and Bazo, J. L. and Beacom, J. F. and Behera, B. R. and Bellettini, G. and Bellini, V. and Beltramello, O. and Benekos, N. and Benetti, P. A. and Bercellie, A. and Berman, E. and Berns, H. and Bernstein, R. and Bertolucci, S. and Bhatnagar, V. and Bhuyan, B. and Bian, J. and Biery, K. and Bishai, M. and Bitadze, A. and Blackburn, T. and Blake, A. and Blaszczyk, F. d. M. and Blaufuss, E. and Blazey, G. C. and Blennow, M. and Blucher, E. and Bocean, V. and Boffelli, F. and Boissevain, J. and Bolognesi, S. and Bolton, T. and Bonesini, M. and Boone, T. and Booth, C. and Bordoni, S. and Bour, P. and Bourguille, B. and Boyd, S. B. and Boyden, D. and Brailsford, D. and Brandt, A. and Bremer, J. and Brice, S. J. and Bromberg, C. and Brooijmans, G. and Brown, G. and Brunetti, G. and Buchanan, N. and Budd, H. and Calafiura, P. and Calatayud, A. and Calligarich, E. and Calvo, E. and Camilleri, L. and Campanelli, M. and Cantini, C. and Carls, B. and Cascella, M. and Catano-Mur, E. and Cavaili-Sforza, M. and Cavanna, F. and Centro, S. and Villanueva, A. Cervera and Cervi, T. and Chalifour, M. and Chappuis, A. and Chatterjee, A. and Chattopadhyay, S. and Chattopadhyay, S. and Chaussard, L. and Chembra, S. and Chen, H. and Chen, M. and Cherdack, D. and Chi, C. and Childress, S. and Choubey, S. and Choudhary, B. C. and Christodoulou, G. and Christofferson, C. and Church, E. and Coan, T. E. and Cocco, A. and Cole, P. and Collin, G. and Conrad, J. M. and Convery, M. and Corey, R. and Corwin, L. and Crespo-AnadÃ³n, J. I. and Prats, J. Creus and Crivelli, P. and Cronin-Hennessy, D. and Crowley, C. and Curioni, A. and Cussans, D. and da Motta, H. and Dale, D. and Davenne, T. and Davies, G. S. and Davies, J. and Dawson, J. and De, K. and De Bonis, I. and De Gouvea, A. and de Holanda, P. C. and De Jong, P. and De Lurgio, P. and de Vries, J. J. and Decowski, M. P. and Dedin-Neto, P. and Delbart, A. and Delepine, D. and Delgado, M. and Demuth, D. and Dennis, S. and Densham, C. and Dharmapalan, R. and Dhingra, N. and Diamantopoulou, M. and Diaz, J. S. and Bautista, G. Diaz and Ding, P. and Diwan, M. and Djurcic, Z. and Dolinski, M. J. and Drake, G. and Duchesneau, D. and Dutta, D. and Duvernois, M. and Duyang, H. and Dwyer, D. A. and Dye, S. and Dyshkant, A. S. and Dytman, S. and Eads, M. and Eberly, B. and Edmunds, D. and Elliott, S. and Ellsworth, W. M. and Elnimr, M. and Emery, S. and Eno, S. and Ereditato, A. and Escobar, C. O. and Sanchez, L. Escudero and Evans, J. J. and Fahey, K. and Falcone, A. and Falk, L. and Farbin, A. and Farnese, C. and Farzan, Y. and Fasoli, M. and Fava, A. and Felix, J. and Menendez, P. Fernandez and Fernandez-Martinez, E. and Fields, L. and Filthaut, F. and Finch, A. and Fitton, M. and Fleming, B. T. and Forest, T. and Fowler, J. and Fox, W. and Freeman, J. and Freestone, J. and Friant, D. and Fried, J. and Friedland, A. and Fuess, S. and Fujikawa, B. and Gago, A. and Gallagher, H. and Galvin, S. and Galymov, S. and Gamble, T. and Gandhi, R. and Gao, S. and Garcia-Gamez, D. and Gardiner, S. and Gastler, D. and Gendotti, A. and Gibin, D. and Gil-Botella, I. and Gill, R. and Giri, A. K. and Goeldi, D. and Gold, M. and Gollapinni, S. and Gomes, R. A. and Cadenas, J. J. Gomez and Goodman, M. C. and Gorbunov, D. and Goswami, S. and Graf, N. and Graf, N. and Graham, M. and Gramelini, E. and Gran, R. and Grant, C. and Grant, N. and Greco, V. and Greenlee, H. and Greenler, L. and Groh, M. and Grzelak, K. and Guardincerri, E. and Guarino, V. and Guedes, G. P. and Guenette, R. and Guglielmi, A. and Guthikonda, K. K. and Guzzo, M. M. and Habig, A. T. and Hackenburg, A. and Hackenburg, R. W. and Hadavand, H. and Haenni, R. and Hahn, A. and Haigh, M. D. and Haines, T. and Hamernik, T. and Hamilton, P. and Handler, T. and Hans, S. and Harris, D. and Hartnell, J. and Hasegawa, T. and Hatcher, R. and Hatzikoutelis, A. and Hays, S. and Hazen, E. and Headley, M. and Heavey, A. and Heeger, K. M. and Heise, J. and Hennessy, K. and Henry, S. and Hernandez-Garcia, J. and Hewes, J. and Higuera, A. and Hill, T. and Himmel, A. and Holin, A. and Hoppe, E. W. and Horikawa, S. and Horton-Smith, G. and Hostert, M. and Hourlier, A. and Howard, B. and Howell, J. and Hugon, J. and Hurh, P. and Huston, J. and Hylen, J. and Insler, J. and Introzzi, G. and Ioannisian, A. and Izmaylov, A. and Jaffe, D. E. and James, C. and James, E. and Jang, C. H. and Jediny, F. and Jen, C. and Jhingan, A. and JimÃ©nez, S. and Johnson, M. and Johnson, R. and Johnstone, J. and Joshi, J. and Jostlein, H. and Jung, C. K. and Junk, T. and Kaboth, A. and Kadenko, I. and Kamyshkov, Y. and Karagiorgi, G. and Karasavvas, D. and Karyotakis, Y. and Kaur, P. and Kayser, B. and Kazaryan, N. and Kearns, E. and Keener, P. T. and Kemp, E. and Kendziora, C. and Ketchum, W. and Kettell, S. H. and Khabibullin, M. and Khotjantsev, A. and Kirby, B. and Kirby, M. and Klein, J. and Ko, Y. J. and Kobilarcik, T. and Kocaman, B. and Koerner, L. W. and Kohn, S. and Koizumi, G. and Kopylov, A. and Kordosky, M. and Kormos, L. and Kose, U. and KosteleckÃ½, V. A. and Kramer, M. and Kreslo, I. and Kriesel, K. and Kropp, W. and Kudenko, Y. and Kudryavtsev, V. A. and Kulagin, S. and Kumar, A. and Kumar, J. and Kumar, L. and Kus, V. and Kutter, T. and Lande, K. and Lane, C. and Lang, K. and Langford, T. and Lanni, F. and Laundrie, A. and Le, T. and Learned, J. and Lebrun, P. and Lee, D. and Lee, W. M. and de Oliveira, M. A. Leigui and Li, Q. Z. and Li, S. and Li, S. W. and Li, X. and Li, Y. and Li, Z. and Lin, C. S. and Lin, S. and Linehan, R. and Link, J. and Liptak, Z. and Lissauer, D. and Littenberg, L. and Littlejohn, B. R. and Liu, J. and Liu, Q. and Liu, T. and Lockwitz, S. and Lockyer, N. and Loew, T. and Lokajicek, M. and LoMonaco, L. and Long, K. and Loo, K. and Lopez, J. P. and Lorca, D. and LoSecco, J. M. and Louis, W. and Luethi, M. and Luk, K. B. and Lundin, T. and Luo, X. and Lux, T. and Lykken, J. and Maalampi, J. and Machado, A. A. and Macias, C. T. and Macier, J. R. and MacLellan, R. and Magill, S. and Mahler, G. and Mahn, K. and Malek, M. and Mammoliti, F. and Mandal, S. K. and Mandodi, S. and Manly, S. and Mann, A. and Marchionni, A. and Marciano, W. and Marfatia, D. and Mariani, C. and Maricic, J. and Marino, A. D. and Marshak, M. and Marshall, C. M. and Marshall, J. and Marteau, J. and Martin-Albo, J. and Caicedo, D. A. Martinez and Masud, M. and Matsuno, S. and Matthews, J. and Mauger, C. and Mavrokoridis, K. and Mazza, R. and Mazzacane, A. and Mazzucato, E. and McCauley, N. and McCluskey, E. and McConkey, N. and McDonald, K. T. and McFarland, K. S. and McGivern, C. and McGowan, A. M. and McGrew, C. and McGuinness, S. R. and McKeown, R. and McNulty, D. and McTaggart, R. and Mefodiev, A. and Mehta, P. and Mei, D. and Mena, O. and Menary, S. and Mendez, D. P. and Mendez, H. and Menegolli, A. and Meng, G. and Messier, M. and Metcalf, W. and Mewes, M. and Meyer, H. and Miao, T. and Milincic, R. and Miller, W. and Mills, G. and Mineev, O. and Miranda, O. G. and Mishra, C. S. and Mishra, S. R. and Mitrica, B. and Mladenov, D. and Mocioiu, I. and Moffat, K. and Mohanta, R. and Mokhov, N. and Bueno, L. Molina and Montanari, C. and Montanari, D. and Moon, J. and Mooney, M. and Moore, C. D. and Morgan, B. and Morris, C. and Morse, W. and Mossey, C. and Moura, C. A. and Mousseau, J. and Mualem, L. and Muether, M. and Mufson, S. and Murphy, S. and Musser, J. and Nakajima, Y. and Naples, D. and Navarro, J. and Navas-NicolÃ¡s, D. and Nelson, J. and Nessi, M. and Newbold, D. and Newcomer, M. and Nguyen, K. T. T. and Nichol, R. and Nicholls, T. C. and Niner, E. and Norman, A. and Norris, B. and Novakova, P. and Novella, P. and Nowak, E. and Nowak, J. and Nunes, M. S. and O'Keeffe, H. and Del Campo, A. Olivares and Oliveira, R. and Olivier, A. and Onishchuk, Y. and Ovsjannikova, T. and Pakvasa, S. and Palamara, O. and Paley, J. and Palomares, C. and Pantic, E. and Paolone, V. and Papadimitriou, V. and Paramesvaran, S. and Park, J. and Parke, S. and Parsa, Z. and Pascoli, S. and Pasternak, J. and Pater, J. and Patterson, R. B. and Patton, S. J. and Patzak, T. and Paulos, B. and Paulucci, L. and Pavlovic, Z. and Pawloski, G. and Payne, D. and Peeters, S. J. M. and Pennacchio, E. and Perdue, G. N. and Peres, O. L. G. and Periale, L. and Perkin, J. D. and Petridis, K. and Petti, R. and Petukhov, A. and Picchi, P. and Pietropaolo, F. and Plonski, P. and Plunkett, R. and Poling, R. and Popovic, M. and Pordes, R. and Pordes, S. and Potekhin, M. and Potenza, R. and Potukuchi, B. and Poudel, S. and Pozimski, J. and Prokofiev, O. and Pruthi, N. and Przewlocki, P. and Pumulo, N. and Pushka, D. and Qian, X. and Raaf, J. L. and Raboanary, R. and Radeka, V. and Rademacker, J. and Radics, B. and Radovic, A. and Rakhno, I. and Rakotondramanana, H. T. and Rakotondravohitra, L. and Ramachers, Y. A. and Rameika, R. and Ramsey, J. and Rappoldi, A. and Raselli, G. and Ratoff, P. and Rebel, B. and Regenfus, C. and Reichenbacher, J. and Reitzner, S. D. and Remoto, A. and Renshaw, A. and Rescia, S. and Rice, L. and Rielage, K. and Riesselmann, K. and Rivera, D. and Robinson, M. and Rochester, L. and Rodrigues, O. B. and Rodrigues, P. and Roe, B. and Roser, R. M. and Ross-Lonergan, M. and Rossella, M. and Rout, J. and Roy, S. and Rubbia, A. and Rubbia, C. and Rucinski, R. and von Rohr, C. Rudolph and Russell, B. and Ruterbories, D. and Saakyan, R. and Sachdev, K. and Sahu, N. and Sala, P. and Samios, N. and Sanchez, F. and Sanchez, M. C. and Sands, W. R. and Santana, S. and Santorelli, R. and Santos, L. M. and Santucci, G. and Saoulidou, N. and Savage, G. and Scaramelli, A. and Scarpelli, A. and Schaffer, T. and Schellman, H. and Schlabach, P. and Schmitz, D. and Schneps, J. and Scholberg, K. and Schukraft, A. and Segreto, E. and Sehrawat, S. and Sepulveda-Quiroz, J. A. and Sergiampietri, F. and Sexton, K. and Sexton-Kennedy, L. and Shaevitz, M. H. and Shahi, J. and Shahsavarani, S. and Shanahan, P. and Sharma, R. and Sharma, R. K. and Shaw, T. and Shooltz, D. and Shrock, R. and Simos, N. and Sinclair, J. and Sinev, G. and Singh, I. and Singh, J. and Singh, J. and Singh, V. and Sippach, F. W. and Siyeon, K. and Smith, A. and Smith, P. and Smolik, J. and Smy, M. and Snider, E. and Snopok, P. and Sobczyk, J. and Sobel, H. and Soderberg, M. and Solomey, N. and Sondheim, W. and Sorel, M. and Sousa, A. and Soustruznik, K. and Spanu, M. and Spitz, J. and Spooner, N. J. C. and Stancari, M. and Stefan, D. and Stefanik, A. and Steiner, H. M. and Stewart, J. and Stock, J. and Stoica, S. and Stone, J. and Strait, J. and Strait, M. and Strauss, T. and Striganov, S. and Sulej, R. and Sullivan, G. and Sun, Y. and Suter, L. and Sutera, C. M. and Svoboda, R. and Szczerbinska, B. and Szelc, A. M. and SÃ¶ldner-Rembold, S. and Talaga, R. and Tariq, S. and Tatar, E. and Tayloe, R. and Terao, K. and Thiesse, M. and Thompson, L. F. and Thomson, M. and Thorn, C. and Thorpe, M. and Tian, X. and Tiedt, D. and Timm, S. C. and Todd, J. and Tonazzo, A. and Tope, T. and Torres, F. R. and Torti, M. and Tortola, M. and Tortorici, F. and Toups, M. and Touramanis, C. and Trevor, J. and Tripathi, M. and Tropin, I. and Trzaska, W. H. and Tsai, Y. and Tsang, K. V. and Tsaris, A. and Tsenov, R. and Tufanli, S. and Tull, C. and Turner, J. and Tzanov, M. and Tziaferi, E. and Uchida, Y. and Sankar, S. Uma and Urheim, J. and Usher, T. and Vagins, M. R. and Vahle, P. and Valdiviesso, G. A. and Valerio, L. and Vallari, Z. and Valle, J. and Van Berg, R. and Van de Water, R. and Varanini, F. and Varner, G. and Vasseur, G. and Vaziri, K. and Velev, G. and Ventura, S. and Verdugo, A. and Vermeulen, M. A. and Vernon, E. and Viant, T. and Vieira, T. V. and Vignoli, C. and Vihonen, S. and Vilela, C. and Viren, B. and Vokac, P. and Vrba, T. and Wachala, T. and Wahl, D. and Wallbank, M. and Wang, B. and Wang, H. and Wang, T. and Warburton, T. K. and Warner, D. and Wascko, M. and Waters, D. and Weber, A. and Weber, M. and Wei, W. and Weinstein, A. and Wenman, D. and Wetstein, M. and White, A. and Whitehead, L. H. and Whittington, D. and Wilking, M. J. and Willhite, J. and Wilson, P. and Wilson, R. J. and Wittich, P. and Wolcott, J. and Wong, H. H. and Wongjirad, T. and Wood, K. and Wood, L. S. and Worcester, E. and Worcester, M. and Wu, S. and Xu, W. and Yanagisawa, C. and Yang, S. and Yang, T. and Ye, J. and Yeh, M. and Yershov, N. and Yonehara, K. and Yu, B. and Yu, J. and Zalesak, J. and Zambelli, L. and Zamorano, B. and Zang, L. and Zani, A. and Zaremba, K. and Zeller, G. P. and Zhang, C. and Zhang, C. and Zhou, Y. and Zimmerman, E. D. and Zito, M. and Zuklin, J. and Zutshi, V. and Zwaska, R.},
  
  keywords = {Instrumentation and Detectors (physics.ins-det), High Energy Physics - Experiment (hep-ex), FOS: Physical sciences, FOS: Physical sciences},
  
  title = {The Single-Phase ProtoDUNE Technical Design Report},
  
  publisher = {arXiv},
  
  year = {2017},
  
  copyright = {Creative Commons Attribution Share Alike 4.0 International}
}

@misc{Bartoszek2015,
  doi = {10.48550/ARXIV.1501.05241},
  
  url = {https://arxiv.org/abs/1501.05241},
  
  author = {Bartoszek, L. and Barnes, E. and Miller, J. P. and Mott, J. and Palladino, A. and Quirk, J. and Roberts, B. L. and Crnkovic, J. and Polychronakos, V. and Tishchenko, V. and Yamin, P. and Cheng, C. -h. and Echenard, B. and Flood, K. and Hitlin, D. G. and Kim, J. H. and Miyashita, T. S. and Porter, F. C. and RÃ¶hrken, M. and Trevor, J. and Zhu, R. -Y. and Heckmaier, E. and Kang, T. I. and Lim, G. and Molzon, W. and You, Z. and Artikov, A. M. and Budagov, J. A. and Davydov, Yu. I. and Glagolev, V. V. and Simonenko, A. V. and Usubov, Z. U. and Oh, S. H. and Wang, C. and Ambrosio, G. and Andreev, N. and Arnold, D. and Ball, M. and Bernstein, R. H. and Bianchi, A. and Biery, K. and Bossert, R. and Bowden, M. and Brandt, J. and Brown, G. and Brown, H. and Buehler, M. and Campbell, M. and Cheban, S. and Chen, M. and Coghill, J. and Coleman, R. and Crowley, C. and Deshpande, A. and Deuerling, G. and Dey, J. and Dhanaraj, N. and Dinnon, M. and Dixon, S. and Drendel, B. and Eddy, N. and Evans, R. and Evbota, D. and Fagan, J. and Feher, S. and Fellenz, B. and Friedsam, H. and Gallo, G. and Gaponenko, A. and Gardner, M. and Gaugel, S. and Genser, K. and Ginther, G. and Glass, H. and Glenzinski, D. and Hahn, D. and Hansen, S. and Hartsell, B. and Hays, S. and Hocker, J. A. and Huedem, E. and Huffman, D. and Ibrahim, A. and Johnstone, C. and Kashikhin, V. and Kashikhin, V. V. and Kasper, P. and Kiper, T. and Knapp, D. and Knoepfel, K. and Kokoska, L. and Kozlovsky, M. and Krafczyk, G. and Kramp, M. and Krave, S. and Krempetz, K. and Kutschke, R. K. and Kwarciany, R. and Lackowski, T. and Lamm, M. J. and Larwill, M. and Leavell, F. and Leeb, D. and Leveling, A. and Lincoln, D. and Logashenko, V. and Lombardo, V. and Lopes, M. L. and Makulski, A. and Martinez, A. and McArthur, D. and McConologue, F. and Michelotti, L. and Mokhov, N. and Morgan, J. and Mukherjee, A. and Murat, P. and Nagaslaev, V. and Neuffer, D. V. and Nicol, T. and Niehoff, J. and Nogiec, J. and Olson, M. and Orris, D. and Ostojic, R. and Page, T. and Park, C. and Peterson, T. and Pilipenko, R. and Pla-Dalmau, A. and Poloubotko, V. and Popovic, M. and Prebys, E. and Prieto, P. and Pronskikh, V. and Pushka, D. and Rabehl, R. and Ray, R. E. and Rechenmacher, R. and Rivera, R. and Robotham, W. and Rubinov, P. and Rusu, V. L. and Scarpine, V. and Schappert, W. and Schoo, D. and Stefanik, A. and Still, D. and Tang, Z. and Tanovic, N. and Tartaglia, M. and Tassotto, G. and Tinsley, D. and Tschirhart, R. S. and Vogel, G. and Wagner, R. and Wands, R. and Wang, M. and Werkema, S. and White, H. B. and Whitmore, J. and Wielgos, R. and Woods, R. and Worel, C. and Zifko, R. and Ciambrone, P. and Colao, F. and Cordelli, M. and Corradi, G. and Dane, E. and Giovannella, S. and Happacher, F. and Luca, A. and Miscetti, S. and Ponzio, B. and Pileggi, G. and Saputi, A. and Sarra, I. and Soleti, R. S. and Stomaci, V. and Martini, M. and Fabbricatore, P. and Farinon, S. and Musenich, R. and Alexander, D. and Daniel, A. and Empl, A. and Hungerford, E. V. and Lau, K. and Gollin, G. D. and Huang, C. and Roderick, D. and Trundy, B. and Brown, D. Na. and Ding, D. and Kolomensky, Yu. G. and Lee, M. J. and Cascella, M. and Grancagnolo, F. and Ignatov, F. and Innocente, A. and L'Erario, A. and Miccoli, A. and Maffezzoli, A. and Mazzotta, P. and Onorato, G. and Piacentino, G. M. and Rella, S. and Rossetti, F. and Spedicato, M. and Tassielli, G. and Taurino, A. and Zavarise, G. and Hooper, R. and Brown, D. No. and Djilkibaev, R. and Matushko, V. and Ankenbrandt, C. and Boi, S. and Dychkant, A. and Hedin, D. and Hodge, Z. and Khalatian, V. and Majewski, R. and Martin, L. and Okafor, U. and Pohlman, N. and Riddel, R. S. and Shellito, A. and de Gouvea, A. L. and Cervelli, F. and Carosi, R. and Di Falco, S. and Donati, S. and Lomtadze, T. and Pezzullo, G. and Ristori, L. and Spinella, F. and Jones, M. and Corcoran, M. D. and Orduna, J. and Rivera, D. and Bennett, R. and Caretta, O. and Davenne, T. and Densham, C. and Loveridge, P. and Odell, J. and Bomgardner, R. and Dukes, E. C. and Ehrlich, R. and Frank, M. and Goadhouse, S. and Group, R. and Ho, E. and Ma, H. and Oksuzian, Y. and Purvis, J. and Wu, Y. and Hertzog, D. W. and Kammel, P. and Lynch, K. R. and Popp, J. L.},
  
  keywords = {Instrumentation and Detectors (physics.ins-det), High Energy Physics - Experiment (hep-ex), FOS: Physical sciences, FOS: Physical sciences},
  
  title = {Mu2e Technical Design Report},
  
  publisher = {arXiv},
  
  year = {2015},
  
  copyright = {arXiv.org perpetual, non-exclusive license}
}

@article{Abi_2020_2,
	doi = {10.1088/1748-0221/15/08/t08009},
	url = {https://doi.org/10.1088/1748-0221/15/08/t08009},
	year = 2020,
	month = {aug},
	publisher = {{IOP} Publishing},
	volume = {15},
	number = {08},
	pages = {T08009--T08009},
	author = {B. Abi and R. Acciarri and M.A. Acero and G. Adamov and D. Adams and M. Adinolfi and Z. Ahmad and J. Ahmed and T. Alion and S. Alonso Monsalve and C. Alt and J. Anderson and C. Andreopoulos and M. Andrews and F. Andrianala and S. Andringa and A. Ankowski and M. Antonova and S. Antusch and A. Aranda-Fernandez and A. Ariga and L.O. Arnold and M.A. Arroyave and J. Asaadi and A. Aurisano and V. Aushev and D. Autiero and F. Azfar and H. Back and J.J. Back and C. Backhouse and P. Baesso and L. Bagby and R. Bajou and S. Balasubramanian and P. Baldi and B. Bambah and F. Barao and G. Barenboim and G. Barker and W. Barkhouse and C. Barnes and G. Barr and J. Barranco Monarca and N. Barros and J.L. Barrow and A. Bashyal and V. Basque and F. Bay and J. Bazo Alba and J.F. Beacom and E. Bechetoille and B. Behera and L. Bellantoni and G. Bellettini and V. Bellini and O. Beltramello and D. Belver and N. Benekos and F. Bento Neves and J. Berger and S. Berkman and P. Bernardini and R.M. Berner and H. Berns and S. Bertolucci and M. Betancourt and Y. Bezawada and M. Bhattacharjee and B. Bhuyan and S. Biagi and J. Bian and M. Biassoni and K. Biery and B. Bilki and M. Bishai and A. Bitadze and A. Blake and B. Blanco Siffert and F. Blaszczyk and G. Blazey and E. Blucher and J. Boissevain and S. Bolognesi and T. Bolton and M. Bonesini and M. Bongrand and F. Bonini and A. Booth and C. Booth and S. Bordoni and A. Borkum and T. Boschi and N. Bostan and P. Bour and S. Boyd and D. Boyden and J. Bracinik and D. Braga and D. Brailsford and A. Brandt and J. Bremer and C. Brew and E. Brianne and S.J. Brice and C. Brizzolari and C. Bromberg and G. Brooijmans and J. Brooke and A. Bross and G. Brunetti and N. Buchanan and H. Budd and D. Caiulo and P. Calafiura and J. Calcutt and M. Calin and S. Calvez and E. Calvo and L. Camilleri and A. Caminata and M. Campanelli and D. Caratelli and G. Carini and B. Carlus and P. Carniti and I. Caro Terrazas and H. Carranza and A. Castillo and C. Castromonte and C. Cattadori and F. Cavalier and F. Cavanna and S. Centro and G. Cerati and A. Cervelli and A. Cervera Villanueva and M. Chalifour and C. Chang and E. Chardonnet and A. Chatterjee and S. Chattopadhyay and J. Chaves and H. Chen and M. Chen and Y. Chen and D. Cherdack and C. Chi and S. Childress and A. Chiriacescu and K. Cho and S. Choubey and A. Christensen and D. Christian and G. Christodoulou and E. Church and P. Clarke and T.E. Coan and A.G. Cocco and J. Coelho and E. Conley and J. Conrad and M. Convery and L. Corwin and P. Cotte and L. Cremaldi and L. Cremonesi and J.I. Crespo-Anad{\'{o}}n and E. Cristaldo and R. Cross and C. Cuesta and Y. Cui and D. Cussans and M. Dabrowski and H. Da Motta and L. Da Silva Peres and Q. David and G.S. Davies and S. Davini and J. Dawson and K. De and R.M. De Almeida and P. Debbins and I. De Bonis and M. Decowski and A. De Gouvea and P.C. De Holanda and I.L. De Icaza Astiz and A. Deisting and P. De Jong and A. Delbart and D. Delepine and M. Delgado and A. Dell{\textquotesingle}Acqua and P. De Lurgio and J.R. De Mello Neto and D.M. DeMuth and S. Dennis and C. Densham and G. Deptuch and A. De Roeck and V. De Romeri and J. De Vries and R. Dharmapalan and M. Dias and F. Diaz and J. Diaz and S. Di Domizio and L. Di Giulio and P. Ding and L. Di Noto and C. Distefano and R. Diurba and M. Diwan and Z. Djurcic and N. Dokania and M. Dolinski and L. Domine and D. Douglas and F. Drielsma and D. Duchesneau and K. Duffy and P. Dunne and T. Durkin and H. Duyang and O. Dvornikov and D. Dwyer and A. Dyshkant and M. Eads and D. Edmunds and J. Eisch and S. Emery and A. Ereditato and C. Escobar and L. Escudero Sanchez and J.J. Evans and E. Ewart and A.C. Ezeribe and K. Fahey and A. Falcone and C. Farnese and Y. Farzan and J. Felix and E. Fernandez-Martinez and P. Fernandez Menendez and F. Ferraro and L. Fields and A. Filkins and F. Filthaut and R.S. Fitzpatrick and W. Flanagan and B. Fleming and R. Flight and J. Fowler and W. Fox and J. Franc and K. Francis and D. Franco and J. Freeman and J. Freestone and J. Fried and A. Friedland and S. Fuess and I. Furic and A.P. Furmanski and A. Gago and H. Gallagher and A. Gallego-Ros and N. Gallice and V. Galymov and E. Gamberini and T. Gamble and R. Gandhi and R. Gandrajula and S. Gao and D. Garcia-Gamez and M.{\'{A}}. Garc{\'{\i}}a-Peris and S. Gardiner and D. Gastler and G. Ge and B. Gelli and A. Gendotti and S. Gent and Z. Ghorbani-Moghaddam and D. Gibin and I. Gil-Botella and C. Girerd and A. Giri and D. Gnani and O. Gogota and M. Gold and S. Gollapinni and K. Gollwitzer and R.A. Gomes and L. Gomez Bermeo and L.S. Gomez Fajardo and F. Gonnella and J. Gonzalez-Cuevas and M.C. Goodman and O. Goodwin and S. Goswami and C. Gotti and E. Goudzovski and C. Grace and M. Graham and E. Gramellini and R. Gran and E. Granados and A. Grant and C. Grant and D. Gratieri and P. Green and S. Green and L. Greenler and M. Greenwood and J. Greer and C. Griffith and M. Groh and J. Grudzinski and K. Grzelak and W. Gu and V. Guarino and R. Guenette and A. Guglielmi and B. Guo and K. Guthikonda and R. Gutierrez and P. Guzowski and M.M. Guzzo and S. Gwon and A. Habig and A. Hackenburg and H. Hadavand and R. Haenni and A. Hahn and J. Haigh and J. Haiston and T. Hamernik and P. Hamilton and J. Han and K. Harder and D.A. Harris and J. Hartnell and T. Hasegawa and R. Hatcher and E. Hazen and A. Heavey and K.M. Heeger and K. Hennessy and S. Henry and M. Hernandez Morquecho and K. Herner and L. Hertel and A.S. Hesam and J. Hewes and A. Higuera Pichardo and T. Hill and S.J. Hillier and A. Himmel and J. Hoff and C. Hohl and A. Holin and E. Hoppe and G.A. Horton-Smith and M. Hostert and A. Hourlier and B. Howard and R. Howell and J. Huang and J. Huang and J. Hugon and G. Iles and A.M. Iliescu and R. Illingworth and A. Ioannisian and R. Itay and A. Izmaylov and E. James and B. Jargowsky and F. Jediny and C. Jes{\'{u}}s-Valls and X. Ji and L. Jiang and S. Jim{\'{e}}nez and A. Jipa and A. Joglekar and C. Johnson and R. Johnson and B. Jones and S. Jones and C. Jung and T. Junk and Y. Jwa and M. Kabirnezhad and A. Kaboth and I. Kadenko and F. Kamiya and G. Karagiorgi and A. Karcher and M. Karolak and Y. Karyotakis and S. Kasai and S.P. Kasetti and L. Kashur and N. Kazaryan and E. Kearns and P. Keener and K.J. Kelly and E. Kemp and W. Ketchum and S. Kettell and M. Khabibullin and A. Khotjantsev and A. Khvedelidze and D. Kim and B. King and B. Kirby and M. Kirby and J. Klein and K. Koehler and L.W. Koerner and S. Kohn and P.P. Koller and M. Kordosky and T. Kosc and U. Kose and V. Kostelecky and K. Kothekar and F. Krennrich and I. Kreslo and Y. Kudenko and V. Kudryavtsev and S. Kulagin and J. Kumar and R. Kumar and C. Kuruppu and V. Kus and T. Kutter and A. Lambert and K. Lande and C.E. Lane and K. Lang and T. Langford and P. Lasorak and D. Last and C. Lastoria and A. Laundrie and A. Lawrence and I. Lazanu and R. LaZur and T. Le and J. Learned and P. LeBrun and G. Lehmann Miotto and R. Lehnert and M. Leigui de Oliveira and M. Leitner and M. Leyton and L. Li and S. Li and S. Li and T. Li and Y. Li and H. Liao and C. Lin and S. Lin and A. Lister and B.R. Littlejohn and J. Liu and S. Lockwitz and T. Loew and M. Lokajicek and I. Lomidze and K. Long and K. Loo and D. Lorca and T. Lord and J. LoSecco and W.C. Louis and K. Luk and X. Luo and N. Lurkin and T. Lux and V.P. Luzio and D. MacFarland and A. Machado and P. Machado and C. Macias and J. Macier and A. Maddalena and P. Madigan and S. Magill and K. Mahn and A. Maio and J.A. Maloney and G. Mandrioli and J.C. Maneira and L. Manenti and S. Manly and A. Mann and K. Manolopoulos and M. Manrique Plata and A. Marchionni and W. Marciano and D. Marfatia and C. Mariani and J. Maricic and F. Marinho and A.D. Marino and M. Marshak and C. Marshall and J. Marshall and J. Marteau and J. Martin-Albo and N. Martinez and D.A. Martinez Caicedo and S. Martynenko and K. Mason and A. Mastbaum and M. Masud and S. Matsuno and J. Matthews and C. Mauger and N. Mauri and K. Mavrokoridis and R. Mazza and A. Mazzacane and E. Mazzucato and E. McCluskey and N. McConkey and K.S. McFarland and C. McGrew and A. McNab and A. Mefodiev and P. Mehta and P. Melas and M. Mellinato and O. Mena and S. Menary and H. Mendez and A. Menegolli and G. Meng and M. Messier and W. Metcalf and M. Mewes and H. Meyer and T. Miao and G. Michna and T. Miedema and J. Migenda and R. Milincic and W. Miller and J. Mills and C. Milne and O. Mineev and O.G. Miranda and S. Miryala and C. Mishra and S. Mishra and A. Mislivec and D. Mladenov and I. Mocioiu and K. Moffat and N. Moggi and R. Mohanta and T.A. Mohayai and N. Mokhov and J.A. Molina and L. Molina Bueno and A. Montanari and C. Montanari and D. Montanari and L.M. Montano Zetina and J. Moon and M. Mooney and A. Moor and D. Moreno and B. Morgan and C. Morris and C. Mossey and E. Motuk and C.A. Moura and J. Mousseau and W. Mu and L. Mualem and J. Mueller and M. Muether and S. Mufson and F. Muheim and A. Muir and M. Mulhearn and H. Muramatsu and S. Murphy and J. Musser and J. Nachtman and S. Nagu and M. Nalbandyan and R. Nandakumar and D. Naples and S. Narita and D. Navas-Nicol{\'{a}}s and N. Nayak and M. Nebot-Guinot and L. Necib and K. Negishi and J.K. Nelson and J. Nesbit and M. Nessi and D. Newbold and M. Newcomer and D. Newhart and R. Nichol and E. Niner and K. Nishimura and A. Norman and R. Northrop and P. Novella and J.A. Nowak and M. Oberling and A. Olivares Del Campo and A. Olivier and Y. Onel and Y. Onishchuk and J. Ott and L. Pagani and S. Pakvasa and O. Palamara and S. Palestini and J.M. Paley and M. Pallavicini and C. Palomares and E. Pantic and V. Paolone and V. Papadimitriou and R. Papaleo and A. Papanestis and S. Paramesvaran and S. Parke and Z. Parsa and M. Parvu and S. Pascoli and L. Pasqualini and J. Pasternak and J. Pater and C. Patrick and L. Patrizii and R.B. Patterson and S. Patton and T. Patzak and A. Paudel and B. Paulos and L. Paulucci and Z. Pavlovic and G. Pawloski and D. Payne and V. Pec and S.J. Peeters and Y. Penichot and E. Pennacchio and A. Penzo and O.L. Peres and J. Perry and D. Pershey and G. Pessina and G. Petrillo and C. Petta and R. Petti and F. Piastra and L. Pickering and F. Pietropaolo and J. Pillow and R. Plunkett and R. Poling and X. Pons and N. Poonthottathil and S. Pordes and M. Potekhin and R. Potenza and B.V. Potukuchi and J. Pozimski and M. Pozzato and S. Prakash and T. Prakash and S. Prince and G. Prior and D. Pugnere and K. Qi and X. Qian and J. Raaf and R. Raboanary and V. Radeka and J. Rademacker and B. Radics and A. Rafique and E. Raguzin and M. Rai and M. Rajaoalisoa and I. Rakhno and H. Rakotondramanana and L. Rakotondravohitra and Y. Ramachers and R. Rameika and M. Ramirez Delgado and B. Ramson and A. Rappoldi and G. Raselli and P. Ratoff and S. Ravat and H. Razafinime and J. Real and B. Rebel and D. Redondo and M. Reggiani-Guzzo and T. Rehak and J. Reichenbacher and S.D. Reitzner and A. Renshaw and S. Rescia and F. Resnati and A. Reynolds and G. Riccobene and L.C. Rice and K. Rielage and Y. Rigaut and D. Rivera and L. Rochester and M. Roda and P. Rodrigues and M. Rodriguez Alonso and J. Rodriguez Rondon and A. Roeth and H. Rogers and S. Rosauro-Alcaraz and M. Rossella and J. Rout and S. Roy and A. Rubbia and C. Rubbia and B. Russell and J. Russell and D. Ruterbories and R. Saakyan and S. Sacerdoti and T. Safford and N. Sahu and P. Sala and N. Samios and M. Sanchez and D.A. Sanders and D. Sankey and S. Santana and M. Santos-Maldonado and N. Saoulidou and P. Sapienza and C. Sarasty and I. Sarcevic and G. Savage and V. Savinov and A. Scaramelli and A. Scarff and A. Scarpelli and T. Schaffer and H. Schellman and P. Schlabach and D. Schmitz and K. Scholberg and A. Schukraft and E. Segreto and J. Sensenig and I. Seong and A. Sergi and F. Sergiampietri and D. Sgalaberna and M. Shaevitz and S. Shafaq and M. Shamma and H.R. Sharma and R. Sharma and T. Shaw and C. Shepherd-Themistocleous and S. Shin and D. Shooltz and R. Shrock and L. Simard and N. Simos and J. Sinclair and G. Sinev and J. Singh and J. Singh and V. Singh and R. Sipos and F. Sippach and G. Sirri and A. Sitraka and K. Siyeon and D. Smargianaki and A. Smith and A. Smith and E. Smith and P. Smith and J. Smolik and M. Smy and P. Snopok and M. Soares Nunes and H. Sobel and M. Soderberg and C.J. Solano Salinas and S. SÃ¶ldner-Rembold and N. Solomey and V. Solovov and W.E. Sondheim and M. Sorel and J. Soto-Oton and A. Sousa and K. Soustruznik and F. Spagliardi and M. Spanu and J. Spitz and N.J. Spooner and K. Spurgeon and R. Staley and M. Stancari and L. Stanco and H. Steiner and J. Stewart and B. Stillwell and J. Stock and F. Stocker and T. Stokes and M. Strait and T. Strauss and S. Striganov and A. Stuart and D. Summers and A. Surdo and V. Susic and L. Suter and C. Sutera and R. Svoboda and B. Szczerbinska and A. Szelc and R. Talaga and H. Tanaka and B. Tapia Oregui and A. Tapper and S. Tariq and E. Tatar and R. Tayloe and A. Teklu and M. Tenti and K. Terao and C.A. Ternes and F. Terranova and G. Testera and A. Thea and J.L. Thompson and C. Thorn and S. Timm and A. Tonazzo and M. Torti and M. Tortola and F. Tortorici and D. Totani and M. Toups and C. Touramanis and J. Trevor and W.H. Trzaska and Y.T. Tsai and Z. Tsamalaidze and K. Tsang and N. Tsverava and S. Tufanli and C. Tull and E. Tyley and M. Tzanov and M.A. Uchida and J. Urheim and T. Usher and M. Vagins and P. Vahle and G. Valdiviesso and E. Valencia and Z. Vallari and J.W. Valle and S. Vallecorsa and R. Van Berg and R.G. Van de Water and D. Vanegas Forero and F. Varanini and D. Vargas and G. Varner and J. Vasel and G. Vasseur and K. Vaziri and S. Ventura and A. Verdugo and S. Vergani and M.A. Vermeulen and M. Verzocchi and H. Vieira de Souza and C. Vignoli and C. Vilela and B. Viren and T. Vrba and T. Wachala and A.V. Waldron and M. Wallbank and H. Wang and J. Wang and Y. Wang and Y. Wang and K. Warburton and D. Warner and M. Wascko and D. Waters and A. Watson and P. Weatherly and A. Weber and M. Weber and H. Wei and A. Weinstein and D. Wenman and M. Wetstein and M.R. While and A. White and L.H. Whitehead and D. Whittington and M.J. Wilking and C. Wilkinson and Z. Williams and F. Wilson and R.J. Wilson and J. Wolcott and T. Wongjirad and K. Wood and L. Wood and E. Worcester and M. Worcester and C. Wret and W. Wu and W. Wu and Y. Xiao and G. Yang and T. Yang and N. Yershov and K. Yonehara and T. Young and B. Yu and J. Yu and J. Zalesak and L. Zambelli and B. Zamorano and A. Zani and L. Zazueta and G. Zeller and J. Zennamo and K. Zeug and C. Zhang and M. Zhao and E. Zhivun and G. Zhu and E.D. Zimmerman and M. Zito and S. Zucchelli and J. Zuklin and V. Zutshi and R. Zwaska},
	title = {Volume {III}. {DUNE} far detector technical coordination},
	journal = {Journal of Instrumentation},
	abstract = {The preponderance of matter over antimatter in the early universe, the dynamics of the supernovae that produced the heavy elements necessary for life, and whether protons eventually decayâ€”these mysteries at the forefront of particle physics and astrophysics are key to understanding the early evolution of our universe, its current state, and its eventual fate. The Deep Underground Neutrino Experiment (DUNE) is an international world-class experiment dedicated to addressing these questions as it searches for leptonic charge-parity symmetry violation, stands ready to capture supernova neutrino bursts, and seeks to observe nucleon decay as a signature of a grand unified theory underlying the standard model. The DUNE far detector technical design report (TDR) describes the DUNE physics program and the technical designs of the single- and dual-phase DUNE liquid argon TPC far detector modules. Volume III of this TDR describes how the activities required to design, construct, fabricate, install, and commission the DUNE far detector modules are organized and managed. This volume details the organizational structures that will carry out and/or oversee the planned far detector activities safely, successfully, on time, and on budget. It presents overviews of the facilities, supporting infrastructure, and detectors for context, and it outlines the project-related functions and methodologies used by the DUNE technical coordination organization, focusing on the areas of integration engineering, technical reviews, quality assurance and control, and safety oversight. Because of its more advanced stage of development, functional examples presented in this volume focus primarily on the single-phase (SP) detector module.}
}


